3796 5986
371 253 420 308 ΒΕ
437 252 557 312 8ΔοΒο
576 256 731 313 etesius
748 254 934 312 mensale
952 257 1047 313 LIBRI
1067 258 1147 314 SEX.
1164 286 1198 299 -
1212 260 1281 317 Llli.
1301 263 1349 317 Vl.
1664 266 1718 325 914

70 375 174 434 *istlam
192 379 583 448 eonsecrare,eateohumeni
597 383 675 441 loeas
690 385 726 441 de
740 383 831 442 eccle·
847 372 875 449 A
889 380 963 453 viti).
980 382 1056 440 Sane
1069 399 1121 457 per
1140 383 1297 441 humerum
1317 385 1493 459 exprimitur
1520 388 1715 466 principatus,

70 468 245 525 imittuntur.
258 469 386 527 Perlecto
401 470 548 543 siquidem
561 473 721 549 evangello,
737 474 832 531 diaeo·
887 471 1053 528 seeundum
1070 472 1142 528 illud
1154 475 1358 547 propheticum
1378 493 1385 531 ε
1401 477 1434 533 lit
1447 480 1538 548 sactae
1551 483 1591 537 est
1604 481 1714 552 priari-

74 558 202 616 clamare
218 559 351 617 solebat:
376 559 408 616 Si
429 559 491 632 puis
509 563 724 622 eatectemenus
745 565 829 634 adest,
884 555 969 631 polilt
983 577 1069 634 super
1084 561 1231 618 humerum
1254 567 1311 637 mus
1339 568 1401 636 (lea.
1429 567 1477 639 rx).
1508 568 1711 643 principatum

70 651 175 721 iserae.
189 648 397 706 catechumeni
415 651 509 709 saeris
524 654 671 727 mysteriis
687 653 829 713 interesse
883 665 952 705 varo
967 650 1126 707 salvatoris
1140 655 1285 725 expressit
1299 671 1353 711 vox
1381 655 1523 728 angelica,
1540 658 1712 731 prophetica

74 738 195 801 debent,
208 755 272 811 qaas
288 737 417 796 nonnisi
432 741 588 815 baptizatis
599 742 736 800 fidelibus
748 759 827 801 com·
882 741 912 794 et
927 737 1041 812 legalis.
1056 742 1186 814 angelus
1200 743 1278 798 enlm
1296 743 1392 815 inquit
1407 746 1443 801 ad
1458 746 1616 819 virginem:
1628 751 1712 807 satit

70 831 170 884 untur.
185 828 269 885 Sicut
284 829 321 884 de
334 829 525 903 quibusdam,
535 832 584 906 qui
601 833 826 911 catechumeno·
881 828 909 884 ei
922 829 1055 885 Dominus
1069 831 1161 887 sedem
1177 832 1270 889 Dauid
1282 835 1372 904 patris
1392 835 1460 906 eius,
1483 840 1510 890 et
1533 838 1664 910 repositi
1677 841 1708 897 io

70 922 117 988 ,et
133 918 265 975 nondum
281 921 450 976 renatorum
466 924 567 994 typum
584 923 732 995 gerebant.
748 923 825 980 scri·
880 919 962 976 domo
975 920 1056 977 lacot
1071 921 1102 974 iu
1112 925 1260 992 aternam,
1276 925 1302 978 et
1316 926 1395 996 repet
1408 924 1467 992 eieu
1484 940 1539 981 noo
1561 925 1616 982 erit
1642 928 1707 998 taes

70 1013 139 1067 rest
156 1008 254 1066 enim:
271 1010 330 1081 lpse
353 1019 448 1067 uatem
469 1015 551 1069 ,lesus
573 1028 628 1070 non
650 1013 773 1070 credebat
797 1031 825 1071 ee
879 1009 955 1077 (Luc.
972 1009 1003 1082 a).
1019 1008 1163 1083 Propheta
1178 1010 1250 1067 dicit
1263 1010 1293 1066 in
1323 1012 1464 1069 Psalmis:
1491 1013 1572 1071 Sedet
1598 1019 1646 1073 tua
1673 1017 1706 1073 in

70 1099 157 1160 [loun.
169 1098 212 1170 11).
225 1097 316 1155 Missa
328 1098 459 1156 titatium
471 1105 516 1157 est
526 1101 561 1157 ab
576 1102 722 1159 oliertorio
730 1119 824 1176 usque
877 1099 1294 1170 eaeculumsaeoali,uirparecta
1306 1103 1416 1173 etoirpu
1425 1104 1506 1172 repsi
1516 1103 1570 1170 tui,
1584 1110 1707 1178 propter·

70 1186 309 1244 rommunionem.
326 1187 362 1244 lli
376 1188 484 1245 dicitur
503 1189 595 1247 missa
617 1191 822 1263 adimitleado,
876 1202 913 1242 θα
930 1190 1014 1245 vnxit
1029 1193 1054 1244 lt
1070 1191 1138 1245 lietu
1166 1190 1226 1247 olto
1242 1190 1349 1248 ketillus
1362 1205 1423 1263 prat
1450 1192 1623 1250 coomriitas
1646 1196 1704 1253 tuis

69 1281 138 1334 tuno
151 1277 188 1333 ad
199 1276 318 1350 propria
329 1276 426 1334 tidelis
435 1278 562 1354 quisque
572 1279 741 1338 dimittitur.
752 1286 823 1340 Gon·
877 1274 961 1345 (Ρωῑ.
977 1277 1065 1349 mvl,
1081 1278 1304 1353 Moysseilnqull
1318 1280 1347 1334 in
1377 1279 1460 1354 luge:
1486 1281 1637 1340 mumius·
1665 1285 1703 1341 ei-

70 1369 129 1423 tum
145 1370 190 1423 est
206 1365 332 1422 enimin
348 1367 553 1426 aurelianensi
569 1369 693 1428 coneilio
710 1374 821 1430 utcum
875 1365 1296 1426 mulcoellcttmtoeludorml
1324 1385 1387 1427 eum
1411 1385 1505 1427 omnes
1531 1372 1626 1443 anteit
1653 1375 1704 1431 llei

70 1453 233 1512 elabrandas
246 1454 355 1513 missas
371 1455 402 1513 in
426 1457 474 1514 Dei
494 1457 612 1517 nemine
637 1462 819 1532 convenitur,
874 1455 1701 1528 (Dfflfflisslffl‘1⁰0⁶deliit'ssssndumsiltsshumtfflm

70 1547 117 1606 lua
132 1564 190 1605 non
205 1551 273 1606 ante
283 1546 522 1623 diecedst‚quam
535 1549 632 1609 missa
647 1551 820 1612 solemnitas
873 1543 1022 1616 pontificis
1037 1545 1068 1603 in
1083 1546 1203 1620 signum
1218 1547 1585 1606 reverentiaosoulantur:
1599 1549 1701 1622 primi·

70 1636 819 1710 »leatur(48).l'otumautemoiliciumdieiturmissa
872 1631 969 1691 ⁰0li¹¹⁸
983 1633 1015 1692 ¹⁰
1030 1633 1185 1708 Pi¹fl⁰5l2¹⁰s
1210 1635 1354 1695 dff⁸⁰⁰1¹¹¹⁸
1375 1635 1405 1694 5¹²
1428 1636 1535 1709 medio,
1560 1640 1699 1701 ⁸⁸⁰0ld⁰t

70 1727 282 1796 ltransmissio,
293 1743 328 1785 ao
343 1728 423 1800 quod
440 1728 570 1802 populus
584 1730 682 1789 tidelis
693 1749 745 1806 per
760 1734 818 1790 mi·
832 1760 855 1828 B
871 1720 901 1779 1¹²
916 1722 986 1783 fine·

70 1817 143 1875 rium
159 1816 321 1875 sacerdotia
333 1817 395 1890 (qui
407 1818 540 1893 iungitur
562 1820 726 1879 ministerio
749 1838 813 1880 me·
1176 1814 1293 1872 CAPUT
1320 1814 1392 1873 xlv,

70 1907 109 1967 ris
124 1908 203 1966 inter
218 1909 308 1965 Deum
318 1912 348 1965 st
358 1906 504 1983 homiues)
514 1926 614 1981 preces
627 1911 814 1985 etsupplica-
1069 1904 1106 1960 lle
1118 1903 1307 1963 benedictione
1318 1904 1481 1965 nouissimo.

70 2001 118 2055 ret
129 1996 389 2055 votatransmittat
405 1996 567 2056 altissimo.
584 2002 684 2072 ipsum
699 2000 812 2058 saerill·
905 1988 1012 2049 Ultimi*
1028 1992 1194 2051 b⁰⁰0di⁰li⁰
1204 2009 1290 2066 quam
1301 1994 1536 2071 f⁸0ii095³⁰⁰l>¹¹⁸
1549 2014 1694 2075 ΕΠΡΘΡΡΟ·

70 2086 169 2154 ,idest
179 2085 277 2143 hostia
286 2086 516 2160 missavooutur,
528 2088 613 2161 quasi
624 2089 811 2148 transmissa.
868 2078 984 2151 tulum»
996 2081 1168 2139 mf⁵⁸l⁰sst³m
1183 2083 1312 2156 ὃΡῑΓῑῑῦθ
1327 2086 1421 2142 sancti
1437 2085 1593 2158 flitflffifflls
1605 2105 1694 2162 (luem

70 2190 116 2231 um
133 2175 217 2232 nobis
230 2192 248 2233 a
262 2174 347 2232 patra
358 2179 390 2232 ut
413 2178 492 2233 esest
518 2176 683 2250 nobiseum,
710 2183 813 2252 postea
865 2168 902 2225 da
916 2169 988 2229 ooelo
1007 2171 1089 2228 misit
1103 2172 1245 2231 Dominus
1256 2173 1285 2230 in
1299 2175 1457 2247 apostolos,
1467 2177 1637 2250 juxtaquod
1651 2178 1694 2238 eis

71 2281 92 2322 a
107 2264 203 2337 nobie,
219 2271 251 2321 ut
271 2264 433 2322 intersedit
456 2281 510 2338 pro
534 2265 619 2323 nohis
640 2267 677 2323 ad
700 2267 809 2340 ipsum,
865 2259 928 2333 ipse
951 2260 1088 2334 promisit
1110 2264 1255 2335 accipietis
1283 2263 1379 2337 inquit
1403 2266 1533 2323 uirtutem
1563 2283 1692 2340 superm-

70 2370 114 2411 um
130 2353 216 2410 nobis
231 2356 346 2411 aPatre
370 2369 422 2427 per
447 2354 692 2428 incarnationem,
708 2362 810 2430 postea
864 2349 969 2407 niensis
985 2349 1109 2424 Spiritus
1121 2354 1214 2410 euecti
1227 2355 1258 2410 in
1272 2369 1318 2410 voe
1328 2353 1396 2426 (act.
1408 2354 1440 2426 1).
1451 2353 1516 2411 Hau
1527 2354 1691 2415 benedictio

74 2443 205 2510 anobis,
221 2446 254 2500 ut
269 2443 433 2500 interuedat
451 2460 504 2516 pro
528 2443 614 2503 nobis
637 2445 674 2502 ad
698 2445 808 2520 ipsum.
863 2456 915 2513 per
929 2440 1050 2497 terbum
1066 2440 1126 2498 oria
1141 2442 1402 2517 etsignumorueis
1413 2444 1596 2517 exprimitur.
1611 2449 1688 2512 Quo·

70 2548 116 2589 um
133 2531 219 2590 uobis
234 2536 347 2590 aPetre
358 2549 409 2605 per
419 2531 696 2606 sanctificationem,
708 2540 808 2607 postea
862 2529 942 2586 niam
960 2528 1010 2587 illa
1027 2528 1129 2587 missio
1144 2547 1196 2605 per
1211 2548 1316 2588 sonum
1333 2533 1410 2589 aeris
1421 2537 1449 2588 et
1462 2532 1593 2608 linguam
1609 2534 1688 2609 ignis

75 2620 807 2694 anobiaperoblatiousm.Hacestsolasulfleiens
860 2618 1000 2689 immittit,
1012 2619 1098 2692 jum
1113 2621 1189 2694 (11¹⁰d
1207 2620 1333 2693 legitur:
1362 2624 1459 2679 Fssssltit
1472 2627 1688 2697 “inmittit

70 2727 130 2768 »nea
148 2710 251 2768 missio
278 2727 329 2767 seu
356 2709 463 2782 legatio
489 2710 525 2767 ad
555 2710 709 2770 solvendas
729 2713 806 2773 inter
860 2710 1166 2783 coelototttttlartqttam
1181 2710 1356 2769 narmiensis
1378 2712 1495 2784 spiritus
1509 2704 1684 2774 vehementis.

70 2797 804 2878 .ethuminesinimicitiasetolienses.Cumergo
857 2801 896 2855 Et
923 2788 1115 2872 apparuerunt
1143 2800 1202 2857 illis
1229 2800 1385 2873 dispertitae
1418 2801 1522 2874 linotet
1551 2811 1684 2877 masuam

70 2888 250 2946 auseitzlte
264 2887 659 2958 missatetidemestacsi
684 2890 804 2963 diceret,
857 2886 934 2957 ipris
937 2927 991 2945 .....
1008 2887 1100 2962 titia.)
1117 2889 1447 2963 ticetautemspiritus
1475 2896 1597 2951 sanetus
1616 2911 1682 2968 spe·

84 2976 121 3034 ed
135 2974 265 3050 propria,
276 2974 345 3048 qula
359 2973 459 3032 oblata
471 2981 516 3032 est
530 2975 627 3034 hostia
650 2976 802 3039 salutaris.
858 2975 971 3034 cialiter
984 2976 1095 3034 missus
1106 2977 1193 3034 luerit
1206 2977 1237 3034 in
1248 2979 1408 3051 apostolor,
1418 2981 1592 3053 quiatamen
1603 2983 1682 3041 indi·

855 3068 916 3122 visa
933 3069 1003 3123 sunt
1012 3083 1100 3140 opera
1110 3068 1273 3137 Trinitatis,
1283 3069 1454 3127 missionem
1465 3069 1546 3128 illam
1557 3073 1682 3130 totaluit

282 3116 493 3221 ΟᾸΡΨ,ΧῙῙῘ·
857 3154 984 3212 Trinitas
992 3159 1121 3231 operata.
1136 3157 1260 3228 ideoque
1272 3158 1502 3217 benedictionem
1512 3159 1600 3216 istam
1612 3161 1683 3218 iuuit

70 3223 126 3265 Μ
138 3207 265 3266 ‘amm
278 3207 585 3280 mmmmm
598 3210 747 3269 mmm·
858 3245 1058 3320 episcopusin
1075 3246 1194 3303 nomine
1215 3247 1379 3316 Trinitatis,
1404 3249 1578 3306 auctoritate
1600 3249 1683 3307 Psal-

70 3331 156 3393 ltione
180 3332 264 3389 linita
287 3333 426 3389 sacerdos
451 3332 502 3407 qui
527 3332 642 3391 assistit
667 3335 804 3409 episcopo
860 3335 954 3392 mista
971 3335 1117 3391 dioenlis:
1135 3335 1283 3393 Benedicat
1295 3353 1345 3392 rior
1360 3338 1429 3393 lleue
1443 3338 1513 3393 Deus
1526 3342 1628 3406 meter,
1655 3348 1684 3395 et

70 3439 111 3481 sin
123 3420 224 3481 altaris
234 3426 387 3480 alermum
395 3421 542 3496 pontificis
551 3422 684 3480 dextrum
692 3423 805 3481 oscula·
859 3423 1004 3480 benedicat
1018 3438 1068 3480 nos
1085 3428 1159 3480 Deus
1173 3425 1258 3485 (Psal.
1275 3426 1358 3497 narr).
1378 3425 1595 3482 Benedictionis
1623 3427 1684 3482 iur-

70 3512 210 3571 stendens
221 3512 301 3569 hunc
317 3528 382 3569 esse
396 3510 481 3568 illum
497 3512 679 3586 pontitioem,
695 3513 746 3587 qui
758 3530 803 3572 se·
858 3529 936 3570 mam
953 3513 1025 3586 legis
1038 3513 1358 3585 expressitauctoritaa,
1369 3513 1495 3571 Domine
1508 3514 1624 3571 dicente
1634 3530 1688 3589 par

70 3616 98 3660 m
113 3600 208 3677 legem
229 3601 357 3676 figurate
371 3603 506 3659 dextrum
524 3619 640 3659 armum
664 3619 803 3676 separare
857 3601 996 3675 Moysen:
1013 3603 1154 3659 invocatis
1168 3617 1268 3659 nemea
1290 3617 1383 3659 meum
1396 3617 1480 3677 saper
1491 3602 1566 3676 filios
1586 3604 1684 3673 lsrael,

70 3691 105 3750 de
119 3690 222 3749 hostiis
238 3691 423 3750 salutaribus
436 3691 482 3750 vel
503 3691 634 3765 pacificis
658 3693 733 3766 (teu.
761 3709 799 3762 vr,
855 3694 883 3748 et
895 3707 943 3765 epo
954 3692 1088 3751 Dominus
1113 3691 1274 3750 benedicam
1288 3693 1381 3764 (llam.
1398 3693 1450 3766 vr).

498 3967 745 4065 LIBELLI
786 3964 1153 4066 CONCLUSIO.

70 4324 93 4367 ιο
107 4323 175 4368 aum
188 4308 400 4382 expositionem
414 4310 502 4366 istem
521 4307 661 4375 audierit,
678 4306 734 4365 huc
749 4323 799 4366 sa·
853 4309 944 4367 volui.
959 4308 1124 4368 presertim
1141 4325 1208 4367 aum
1219 4326 1253 4367 ex
1270 4307 1377 4379 elicio,
1392 4310 1435 4363 tot
1450 4321 1608 4365 causarum
1625 4306 1682 4366 sim

70 4415 113 4456 um
128 4399 313 4457 suffitiantsr
328 4399 454 4455 estimet
468 4402 645 4471 expositum.
664 4398 703 4455 Ne
725 4398 799 4454 torte
853 4399 1013 4472 impeditus
1028 4400 1206 4469 incursibus,
1224 4406 1267 4456 tot
1278 4396 1462 4471 negotiorum
1475 4396 1599 4453 nexibus
1610 4397 1682 4455 irre·

71 4502 128 4561 pus
144 4486 306 4544 humanum
332 4485 479 4555 extulerit,
506 4486 638 4544 divinum
663 4489 798 4543 extenuet
852 4488 936 4559 titus,
953 4493 986 4546 ut
1001 4489 1077 4546 inira
1092 4489 1178 4546 breve
1192 4486 1333 4562 temporis
1349 4485 1490 4559 spatium,
1506 4502 1558 4543 nee
1573 4488 1608 4543 ad
1621 4503 1681 4546 ma·

70 4581 198 4636 uentum.
215 4579 247 4634 ln
262 4576 317 4635 hoa
330 4576 408 4634 enim
424 4575 522 4634 oilisin
536 4580 581 4634 tot
595 4580 716 4634 ettauta
726 4579 797 4634 sunt
851 4579 1008 4636 ditandum
1022 4578 1116 4636 otium
1132 4594 1186 4637 nee
1200 4578 1235 4635 ad
1253 4576 1425 4634 dictandum
1442 4575 1586 4651 quiverim
1606 4593 1679 4635 nan·

70 4669 99 4724 te
113 4667 262 4740 mysteria,
279 4673 312 4723 ut
336 4682 433 4734 nemo,
464 4665 522 4723 nisi
549 4682 600 4739 par
624 4667 795 4723 unotiunsm
850 4668 922 4725 uisci
937 4668 1078 4740 quietem.
1093 4669 1128 4724 lit
1143 4668 1263 4740 quidem
1280 4664 1378 4723 minor
1392 4665 1422 4720 in
1441 4664 1580 4739 singulis,
1603 4666 1678 4724 divi·

70 4771 101 4827 u,
116 4771 152 4812 ee
165 4755 293 4813 suldoiat
308 4754 464 4828 explicare.
477 4752 544 4823 Quis
552 4756 627 4812 enim
637 4755 796 4812 aooitordi·
849 4772 900 4814 sua
915 4759 949 4814 ad
965 4756 1082 4830 singula
1097 4758 1143 4813 vix
1154 4755 1237 4830 potui
1256 4755 1399 4812 meditata
1417 4754 1539 4827 dictare,
1567 4756 1677 4813 nedum

70 4844 150 4916 citet
163 4843 643 4916 penetratioueeeiaeinterruilol.
665 4845 795 4919 xxxviii.)
850 4846 1020 4903 meditando
1036 4846 1199 4918 concipere.
1224 4843 1366 4912 Quocirca
1380 4860 1439 4900 uon
1467 4841 1564 4902 solum
1592 4842 1678 4900 beni·

70 4938 251 4992 mecrutater
280 4933 432 5007 majestatis
460 4932 633 5006 opprimetur
659 4948 678 4989 a
704 4933 796 5006 pluria
849 4950 939 5007 gnum
953 4934 1238 5006 implorolectorerm
1251 4932 1452 4991 verumetiam
1464 4930 1679 4989 desideralibe·

75 5026 154 5094 xxv).
179 5024 239 5094 ugo
268 5024 379 5097 quippe
402 5040 467 5080 non
483 5021 643 5096 prevalens
669 5021 795 5096 lippien·
849 5040 915 5080 rum
931 5031 1139 5081 correctorem.
1153 5023 1234 5080 Hanc
1242 5020 1337 5080 solam
1348 5022 1426 5096 apud
1438 5021 1574 5079 homines
1587 5019 1679 5091 huius

70 5112 155 5172 rutilis
164 5112 256 5171 sotem
269 5113 372 5169 inrota
383 5113 563 5186 aunepieers,
574 5111 649 5168 tanti
662 5111 795 5186 mysterii
849 5111 986 5186 opusculi
1001 5114 1167 5170 mercedem
1182 5117 1367 5186 exspectans,
1380 5115 1411 5168 ut
1421 5110 1499 5182 apud
1512 5107 1679 5166 misericor·

70 5207 164 5272 amm,
181 5203 266 5273 quasi
281 5217 333 5271 per
345 5202 523 5272 speculumia
537 5201 688 5272 autumate
698 5203 723 5274 (l
732 5201 793 5259 Cor.
851 5201 915 5259 dem
930 5202 1062 5274 judicem
1078 5219 1130 5275 pro
1146 5219 1221 5259 mets
1236 5200 1364 5275 paccatIs
1387 5199 1506 5256 devotas
1531 5196 1678 5254 orationes

70 5290 125 5348 nihl
138 5291 220 5347 visus
234 5306 301 5347 sum
317 5290 436 5360 intueri,
452 5306 506 5347 nec
517 5296 673 5363 penetrans
692 5291 729 5347 ad
746 5290 794 5347 in·
848 5291 1017 5361 effundant,
1032 5293 1083 5365 qul
1100 5294 1226 5364 periente
1236 5289 1385 5362 cognoscit
1399 5305 1459 5362 qua
1473 5286 1570 5344 cordis
1580 5286 1678 5343 inten-

70 5377 242 5447 coenaculi,
255 5377 306 5435 sed
321 5394 381 5449 prs
396 5378 509 5436 toribus
520 5379 695 5438 assidansin
707 5381 793 5438 vesti·
848 5379 928 5436 tione
944 5384 1098 5438 tractatum
1114 5381 1205 5436 istum
1228 5379 1371 5452 exegerim
1397 5376 1450 5433 etsi
1474 5392 1532 5433 non
1560 5374 1675 5444 multis,

70 5467 118 5526 Teii
133 5466 290 5541 diligenter
304 5471 337 5521 ut
352 5465 444 5538 potui,
467 5482 525 5525 non
554 5468 734 5531 sufficientur
761 5471 795 5527 ut
848 5469 955 5528 saltem
971 5469 1131 5544 aliquibus,
1147 5475 1199 5526 ant
1212 5468 1301 5527 etiam
1313 5466 1385 5524 mihi
1398 5464 1505 5524 solivel
1517 5465 1547 5525 in
1557 5465 1672 5526 modios

74 5612 145 5674 dtu.
159 5609 206 5670 22.
