3796 5986
600 245 805 311 submersu,
826 245 863 300 IN
883 245 1038 301 suamc.
1057 247 1086 298 S.
1107 243 1243 301 MABIAE.

799 469 944 537 suello
968 469 1043 535 Xll.

208 640 245 696 ΙΝ
264 639 513 696 SOLllMNlTATS
532 637 824 695 PURlFlCATlONlS
847 636 1132 694 GLORIOSlSSlMAE
1150 637 1294 694 SEMPER
1312 637 1471 694 VlRGlNlS
1491 637 1629 694 MARIAE.

61 796 108 857 De
125 795 246 868 titteris,
261 795 364 876 rique,
379 796 617 855 etaoatir‘aoote
634 795 752 854 Christi
774 791 934 854 calceatam
955 791 1145 874 premissis.-
1170 792 1205 854 de
1229 793 1326 854 tribas
1352 800 1444 853 triam
1467 793 1640 853 nuntiorum
1663 797 1721 852 cite
1743 800 1772 853 et

102 875 225 954 triplici
234 893 326 956 poce:
344 895 398 936 orer
413 878 442 935 ia
455 877 672 954 purificatione
686 893 793 936 coereos
806 883 961 952 portamus
976 892 1135 935 accensos:
1159 880 1230 935 itera
1253 873 1288 936 de
1314 873 1432 952 triplici
1446 872 1577 934 adventa
1590 873 1726 947 Domini,
1742 880 1772 934 at
1827 930 1831 935 .
1864 908 1870 919 ι

99 958 220 1037 triplici
234 960 344 1038 ternplo
359 957 402 1017 ad
415 955 496 1037 quod
508 955 599 1031 coeit,
616 965 644 1016 et
657 955 691 1017 de
703 953 805 1036 tempti
820 954 1030 1034 edificatione.

97 1299 167 1353 Doce
180 1312 229 1366 opo
244 1299 321 1354 mitto
335 1299 465 1368 angelum
478 1303 614 1369 meamet
625 1295 797 1370 praepos-obit
809 1297 889 1351 viam
903 1294 929 1362 A
944 1293 1086 1351 iratribus
1100 1295 1215 1363 vestris,
1232 1299 1287 1351 eto.
1303 1296 1394 1366 (Dect.
1407 1296 1499 1366 xviri).
1513 1314 1524 1346 ι
1540 1295 1682 1351 Rursum:
1698 1316 1713 1346 a
1726 1293 1772 1351 ti·

56 1392 124 1440 onte
137 1387 239 1455 tactem
255 1390 354 1442 taem:
369 1390 395 1442 et
407 1386 503 1442 atatim
517 1388 607 1443 veniet
622 1386 657 1442 ad
671 1386 805 1457 templum
825 1400 890 1440 san·
945 1382 1053 1440 debitis
1067 1384 1158 1440 vitam
1173 1388 1302 1441 vestram
1317 1385 1492 1459 pendentem
1517 1386 1585 1440 ante
1609 1383 1710 1440 oculos
1723 1399 1772 1440 ve·

55 1476 135 1530 etam
148 1491 231 1531 ruam
245 1474 411 1541 dominator,
426 1491 505 1546 qoem
520 1491 566 1532 cos
580 1477 717 1547 queritis,
736 1478 763 1530 et
776 1474 891 1546 capetus
944 1476 1032 1545 atros,
1049 1479 1078 1531 et
1102 1490 1159 1531 non
1185 1476 1312 1531 credetis
1327 1475 1393 1532 vilra
1407 1477 1508 1532 vestra
1525 1475 1611 1544 (Dent.
1627 1475 1738 1547 nuru).
1756 1495 1771 1524 a

56 1565 230 1636 testamenti,
247 1581 326 1637 quern
340 1581 386 1622 uos
401 1567 488 1622 valtis
503 1567 609 1637 (dolor.
625 1567 680 1639 nr).
943 1565 1002 1621 Hos
1017 1569 1116 1622 autern
1133 1565 1254 1621 nuntios
1269 1565 1354 1637 longe
1364 1569 1432 1622 ante
1443 1562 1772 1636 preemisit.Novissime
1853 1592 1856 1599 ·

95 1658 156 1710 Rex
172 1671 275 1727 regum
292 1659 320 1711 ct
336 1656 477 1711 Dominus
493 1656 711 1712 dominantium
728 1673 780 1729 pro
795 1657 888 1713 salute
942 1670 1009 1710 vero
1021 1670 1088 1712 cum
1096 1656 1161 1727 jam
1172 1659 1314 1711 venturus
1325 1655 1446 1722 esset,in
1458 1654 1608 1727 proximos
1620 1661 1677 1710 tres
1688 1669 1771 1727 egre·

58 1745 164 1820 populi
178 1746 225 1802 sui
240 1751 383 1803 venturus
399 1746 429 1802 in
445 1748 564 1819 propria
583 1747 628 1802 sui
653 1764 721 1804 eum
737 1746 888 1820 recepturi
941 1745 1007 1817 glos
1022 1749 1050 1801 et
1063 1744 1194 1801 illustres
1210 1744 1329 1800 nuntios
1345 1744 1511 1802 destinavit.
1528 1744 1643 1800 Primus
1660 1759 1772 1816 prapa-
1846 1774 1852 1784 ·

59 1850 120 1890 non
137 1839 221 1890 crant
243 1836 334 1906 (roan.
353 1836 384 1908 ι),
402 1852 438 1893 ne
453 1837 487 1893 de
503 1836 668 1907 ignorantia
682 1837 728 1893 sui
744 1838 887 1893 adventus
942 1833 1104 1888 ravitviam
1116 1832 1582 1901 incarnationis‚eecundusviam
1594 1833 1769 1901 nativitatis,

59 1924 266 1981 excusationes
281 1925 312 1982 in
328 1925 454 1998 peccatis
470 1930 666 1996 assumerent,
683 1928 825 1983 adventus
840 1926 887 1984 sui
941 1922 1047 1979 tertius
1062 1922 1139 1979 viam
1155 1923 1382 1996 praedicationis.
1394 1923 1445 1980 t’er
1455 1923 1581 1995 primam
1598 1922 1676 1981 viam
1691 1920 1771 1977 venit

59 2012 148 2085 signa
163 2015 316 2085 promisit,
331 2014 445 2072 litteras
459 2015 518 2072 illis
533 2016 649 2085 direxit,
659 2021 687 2073 et
701 2019 768 2072 ante
783 2015 886 2072 facicm
941 2011 976 2067 ad
993 2012 1136 2084 templum
1152 2010 1292 2083 salutare,
1308 2027 1360 2085 per
1372 2013 1533 2069 secundam
1550 2011 1630 2069 venit
1644 2011 1678 2066 ad
1693 2014 1768 2069 tem·
1879 2026 1881 2031 ·

58 2107 887 2177 suamnuntiosdcstioavit.Hisenimtribus,vidclioet
940 2101 1022 2174 plum
1039 2100 1386 2174 materialo,perlerlium
1400 2101 1479 2159 veuit
1494 2102 1530 2158 od
1547 2099 1689 2174 templum
1705 2097 1767 2174 spi·
1831 2124 1867 2153 ··

57 2183 179 2256 litteris,
194 2187 299 2260 signis,
316 2192 344 2244 et
361 2189 485 2258 nuntiis,
500 2205 587 2246 suum
601 2189 714 2261 liquido
730 2188 887 2246 declaravit
940 2189 1055 2248 rituale.
1083 2196 1124 2248 De
1152 2191 1247 2263 primo
1278 2192 1380 2248 nuntio
1403 2190 1511 2263 legitur
1535 2191 1566 2247 in
1590 2189 1764 2262 Evangelio:

58 2275 232 2333 adventum.
248 2283 309 2334 Non
334 2279 414 2334 enim
438 2278 520 2335 solus
536 2284 586 2335 aut
598 2278 713 2335 subitus
728 2278 828 2335 debuit
840 2293 886 2335 ve·
941 2300 956 2330 e
968 2279 1077 2335 Missus
1089 2285 1134 2336 ast
1157 2280 1280 2352 angelus
1291 2278 1407 2336 Gabriel
1419 2296 1436 2335 a
1448 2284 1503 2336 Deo
1514 2278 1543 2334 in
1556 2279 1701 2335 civitatem
1711 2278 1765 2335 Ga·

58 2363 136 2435 nire,
152 2366 202 2437 qui
218 2383 284 2422 cum
301 2368 438 2437 venisset,
455 2367 539 2424 binos
555 2372 583 2423 et
598 2367 683 2423 binos
698 2371 765 2424 aute
782 2366 884 2422 taciem
938 2367 1030 2434 lilaeae,
1042 2370 1089 2424 cui
1106 2385 1211 2424 nornen
1227 2367 1426 2437 Nazareth,ad
1441 2368 1585 2440 virginera
1600 2369 1764 2440 desponsa-

58 2470 147 2510 suam
161 2453 270 2528 legitur
285 2456 459 2513 destinasse.
476 2457 621 2513 Promisit
635 2456 736 2528 itaque
751 2455 843 2527 signe,
856 2456 884 2513 id
939 2460 999 2512 tam
1015 2457 1088 2525 viro,
1102 2457 1148 2513 cui
1160 2473 1266 2512 nomen
1277 2456 1470 2529 eratloseph,
1481 2460 1509 2513 et
1520 2472 1626 2512 nomen
1642 2455 1764 2528 virginis

57 2545 106 2599 eat
120 2545 260 2616 mysteria
274 2546 449 2614 figurarum
462 2546 566 2603 direxit
576 2544 735 2612 litteras,id
746 2545 885 2602 esttesti·
940 2545 1042 2601 Maria.
1053 2547 1088 2602 Dt
1098 2547 1240 2602 accedens
1250 2546 1285 2601 ad
1299 2544 1453 2618 virginem,
1466 2562 1530 2603 eam
1541 2548 1671 2603 suaviter
1685 2544 1765 2603 salu·

58 2631 162 2688 monia
176 2634 412 2706 scripturarum
429 2635 585 2691 destinavit
598 2635 727 2703 nuntios,
744 2651 885 2708 personas
940 2636 1029 2691 tavit:
1047 2639 1115 2703 Are,
1135 2634 1243 2706 inquit,
1259 2636 1353 2708 gratia
1376 2634 1472 2708 plena,
1490 2635 1632 2692 Dominus
1655 2640 1764 2707 tecum,
1857 2648 1860 2655 ·

56 2720 195 2778 uidelicet
209 2723 428 2797 prophetarum.
447 2724 644 2797 praesignatus
668 2727 713 2780 est
735 2723 842 2780 etenim
857 2725 887 2780 in
941 2722 1095 2780 benedicta
1107 2729 1137 2780 tu
1150 2723 1178 2779 in
1196 2724 1370 2780 mulieribus
1386 2724 1462 2795 (too.
1477 2728 1535 2795 1).»
1552 2726 1617 2792 Aoo,
1632 2724 1701 2798 quia
1714 2741 1766 2798 per

61 2811 189 2883 figuris:
208 2816 240 2867 ut
253 2815 333 2868 lsaac
349 2818 436 2870 natus
452 2815 488 2869 ds
503 2812 596 2869 sterili
611 2813 690 2885 (Gen.
706 2814 775 2886 rxr),
787 2814 888 2886 prrcsi·
940 2817 968 2871 te
986 2814 1149 2870 mutabitur
1164 2830 1271 2870 nornen
1286 2812 1358 2870 Evae.
1374 2813 1427 2869 llla
1445 2813 1502 2870 luit
1527 2815 1612 2887 plena
1634 2820 1765 2887 peccato,

59 2901 164 2973 gnevit
191 2900 340 2958 Christum
369 2902 552 2959 nasciturum
581 2903 616 2958 de
647 2901 772 2973 Virgine.
799 2902 889 2974 Virga
940 2902 1766 2977 sedtupleaoprotio.illarecessitaDeo‚scdDomiaas

63 2989 198 3045 fronduit
212 2990 304 3061 (Nam.
318 2993 386 3062 xvu)
403 2996 431 3047 et
443 2990 542 3048 attulit
558 2991 888 3064 fructumquiaconce-
939 3000 1040 3049 terum.
1057 2991 1109 3050 Illa
1124 2992 1178 3048 luit
1194 2992 1350 3050 maledicta
1366 2993 1396 3049 in
1413 2992 1598 3061 mulieribus,
1613 2994 1663 3049 scd
1685 2994 1765 3051 bere·

58 3078 104 3151 pit
119 3077 218 3149 Virgo,
233 3083 262 3136 et
276 3080 387 3152 peperit
402 3079 562 3137 Christum.
578 3080 637 3136 Hoc
653 3080 750 3151 ipsum
766 3080 843 3152 iguis
857 3080 888 3136 in
940 3082 1017 3139 diota
1040 3085 1070 3138 ta
1092 3083 1122 3137 in
1145 3082 1316 3139 mutieribus.
1334 3085 1457 3138 Fructus
1478 3082 1586 3139 ventris
1611 3081 1690 3138 illius
1711 3081 1767 3139 ruit

59 3168 137 3224 rubo
151 3169 249 3227 (and.
262 3170 316 3242 ur),
332 3186 440 3227 manna
464 3170 493 3224 in
520 3170 634 3225 deserto
651 3169 749 3242 (deod.
765 3168 804 3242 x),
822 3169 888 3242 plu·
940 3170 1115 3228 maledictus
1128 3170 1210 3243 Cain,
1226 3174 1276 3227 scd
1291 3174 1398 3243 {ructas
1418 3173 1521 3228 ventris
1544 3173 1588 3229 tat
1607 3173 1662 3229 erit
1685 3171 1767 3229 brae·
1842 3164 1846 3170 ’

60 3257 108 3313 via
124 3257 153 3313 in
170 3258 275 3315 vellere
291 3258 479 3331 praesignavit
493 3258 592 3331 (laelio.
609 3259 660 3330 vr).
671 3258 888 3315 crannolinus
939 3261 1029 3316 dictas
1043 3262 1130 3316 tasas.
1147 3259 1296 3316 Perillam
1313 3276 1393 3318 mors
1408 3259 1528 3317 intravit
1541 3259 1572 3317 in
1587 3261 1699 3330 orbem,
1714 3261 1766 3318 sed

59 3352 107 3403 est
118 3346 146 3401 io
159 3347 365 3419 Scripturis,ut
377 3349 406 3403 in
417 3348 521 3405 Genesi
533 3366 540 3404 :
553 3370 567 3399 a
578 3347 799 3404 Nonautcretur
809 3365 888 3420 scep·
940 3366 991 3422 per
1004 3359 1032 3406 te
1046 3350 1106 3405 vita
1121 3349 1209 3405 rediit
1224 3350 1260 3405 ad
1277 3350 1376 3405 orbem
1390 3367 1397 3418 ;
1423 3351 1493 3422 quia
1515 3356 1546 3405 tu
1572 3350 1720 3422 concipies
1738 3355 1768 3406 et

58 3441 141 3491 trum
157 3437 193 3492 de
208 3437 295 3508 luda,
307 3442 335 3492 et
350 3438 409 3492 dux
424 3438 461 3493 de
476 3438 586 3493 femore
600 3437 675 3508 ejus,
687 3437 778 3492 donec
792 3437 889 3494 veniat
941 3438 1037 3511 peries
1053 3437 1157 3507 filium,
1168 3442 1197 3493 et
1210 3437 1362 3493 vocabitur
1373 3454 1479 3494 nomen
1490 3438 1554 3509 ejus
1565 3437 1651 3494 lesus
1661 3436 1764 3510 (itit).

58 3526 110 3597 qui
138 3518 300 3582 mittendus
326 3529 371 3581 ast
388 3540 395 3582 ε
420 3531 449 3581 et
474 3526 538 3597 ipse
562 3524 739 3596 exspectatio
755 3526 887 3597 gentium
942 3528 1032 3599 «lpse
1047 3525 1124 3583 enim
1137 3526 1252 3583 salvum
1264 3526 1502 3598 tacietpopulum
1514 3543 1601 3582 suum
1613 3525 1765 3598 apeooatis

59 3615 275 3687 (Goa.xe1xl.·
302 3620 339 3673 Bt
365 3615 459 3671 alibi:
486 3639 500 3665 α
523 3614 625 3670 Veniet
648 3615 789 3671 Dominus
811 3615 889 3671 sicut
940 3634 1040 3674 eorum
1064 3615 1167 3687 (Mettis.
1183 3618 1216 3687 1).
1234 3637 1248 3666 »
1271 3615 1453 3672 salutatione
1478 3616 1640 3688 premissa,
1664 3614 1764 3673 statim

58 3720 200 3776 quercus,
216 3704 266 3777 qui
281 3710 325 3761 cst
340 3706 370 3761 in
386 3705 456 3773 Silo,
469 3704 748 3774 cumensemetipsa
760 3705 887 3761 fueritin
942 3706 1055 3764 Domini
1070 3706 1116 3762 sui
1131 3704 1340 3779 praenuntiavit
1349 3706 1525 3762 aduentum:
1540 3705 1690 3779 «Spiritus
1701 3721 1768 3762 sun·

60 3794 216 3850 duodecim
231 3796 341 3866 partita
354 3795 455 3868 (Amos.
472 3800 513 3864 ιι).
532 3815 546 3842 »
573 3794 608 3848 llt
627 3793 656 3848 in
674 3793 793 3849 secretis
808 3793 889 3850 Jere·
941 3802 1005 3853 ctus
1016 3795 1202 3869 superveniet
1212 3795 1241 3851 in
1254 3798 1292 3864 te,
1305 3799 1333 3850 et
1347 3795 1438 3851 virtus
1453 3795 1598 3852 Altissimi
1612 3794 1769 3851 obumbra·

60 3882 146 3939 miae:
174 3906 188 3934 a
205 3884 273 3940 Post
288 3884 343 3942 hoc
358 3885 387 3939 ln
405 3885 489 3940 terris
505 3883 583 3939 visus
598 3886 652 3953 est,
669 3887 778 3938 etcum
794 3881 889 3938 homi·
941 3889 984 3943 bit
1000 3887 1051 3942 tibi
1065 3886 1142 3957 (Lac.
1159 3886 1189 3957 1).
1207 3906 1221 3937 a
1239 3884 1289 3941 His
1305 3885 1346 3940 itu
1361 3885 1495 3956 peractis,
1511 3885 1612 3942 statim
1639 3883 1766 3956 Spiritus

57 3973 148 4029 nibus
172 3980 359 4030 conversatus
383 3977 428 4030 est
452 3975 561 4047 (Barac.
577 3974 629 4043 ιιι).
647 3994 661 4022 »
684 3971 884 4030 annuntiatus
940 3981 1061 4034 sanctus
1077 3974 1203 4043 advenit,
1220 3977 1248 4030 ct
1263 3973 1406 4047 triplicem
1423 3974 1498 4029 viam
1514 3980 1582 4030 ante
1598 3973 1701 4030 laeiern
1712 3977 1767 4028 Do·

55 4068 101 4119 esi
128 4080 179 4134 per
202 4063 370 4135 prophetas,
388 4068 419 4118 ut
434 4063 544 4119 lanias:
570 4085 584 4113 o
600 4062 672 4118 Eece
687 4061 768 4134 virgo
784 4062 882 4118 conci·
899 4040 920 4105 C
940 4064 1013 4121 mini
1027 4063 1208 4137 praeparavit.
1225 4063 1324 4119 Prima
1349 4063 1403 4118 luit
1427 4061 1580 4135 virginalis
1599 4061 1765 4128 consensio,

57 4152 127 4225 Ρίθῑ,
144 4156 173 4207 el
188 4152 280 4223 pariet
294 4151 400 4223 filiurn,
412 4158 439 4208 et
454 4151 606 4207 vocabitur
622 4167 729 4206 nornen
744 4151 808 4222 ejus
820 4151 886 4207 ldm-
940 4155 1070 4210 secunda
1094 4154 1149 4208 luit
1173 4151 1299 4208 carnalis
1315 4151 1476 4217 mundatio,
1493 4151 1578 4207 tertia
1593 4150 1648 4206 luit
1663 4166 1766 4222 corpo·

58 4244 327 4314 manuel(lsc.v11).
344 4265 358 4293 a
370 4247 404 4298 St
418 4244 568 4299 Habacuc:
582 4266 594 4291 u
608 4242 637 4297 Si
650 4257 762 4297 moram
775 4241 884 4307 iecerit,
940 4243 1010 4300 ralis
1025 4242 1171 4298 formatio.
1183 4241 1277 4297 Primo
1294 4242 1348 4295 luit
1363 4256 1524 4296 consensus
1541 4240 1647 4295 mentis
1663 4240 1692 4294 in
1708 4238 1766 4295 vir·

57 4338 196 4404 exspecta
211 4348 297 4399 cum;
315 4333 384 4404 quia
398 4332 520 4388 veniens
533 4331 674 4399 veniebat
687 4347 744 4386 non
759 4331 887 4386 tardabit
940 4335 1017 4404 gine,
1030 4332 1159 4388 secunda
1177 4332 1230 4386 luit
1247 4329 1399 4385 mundatio
1415 4329 1539 4386 carnisa
1553 4330 1664 4395 fomite,
1680 4329 1768 4386 tertia

57 4423 172 4495 (liobae.
188 4427 231 4491 u);
249 4446 260 4473 ι
279 4428 306 4477 st
323 4422 443 4477 Daniel:
461 4445 474 4469 a
490 4421 681 4492 Septuaginta
697 4419 885 4475 hebdomade
941 4422 997 4477 tuit
1012 4420 1147 4475 formatio
1162 4418 1293 4490 eorporis
1304 4436 1338 4472 ex
1351 4417 1510 4489 purissimo
1523 4418 1677 4492 sanguine.
1693 4417 1765 4474 Cum

59 4511 237 4566 abbreviatas
252 4514 331 4577 sunt,
349 4514 381 4564 ut
396 4513 619 4565 consummetur
634 4508 843 4581 praevaricatio,
859 4513 888 4564 et
941 4510 1020 4568 enim
1031 4508 1153 4582 angelus
1164 4507 1319 4564 admiranti
1327 4506 1767 4580 virginimodumoonccptionis

59 4599 227 4656 adducatur
239 4598 355 4669 jnstitia
371 4599 600 4671 sempiternam
616 4602 745 4670 ungatur
760 4599 887 4654 Sanctus
941 4604 969 4656 et
983 4597 1305 4662 ordiremindicasset,
1315 4597 1417 4652 statim
1432 4595 1483 4652 illa
1499 4613 1616 4654 summo
1630 4594 1768 4653 desiderii

59 4687 230 4750 sanctorum
246 4691 330 4761 (Dan.
348 4689 397 4761 m).
415 4712 429 4737 a
444 4690 533 4745 Porro
553 4694 613 4744 tam
635 4688 788 4744 manifesta
803 4688 888 4761 signa
942 4690 1070 4762 flagrans
1081 4688 1196 4752 ardore,
1208 4684 1399 4757 consensit,ct
1410 4685 1550 4743 instinctu
1562 4686 1691 4760 Spiritus
1702 4701 1768 4743 san-

58 4786 211 4855 Syuagoga
228 4780 334 4836 misera
349 4796 406 4834 non
422 4779 544 4846 notavit,
560 4781 619 4834 tam
644 4782 760 4851 apertas
776 4777 887 4834 litteras
942 4781 978 4837 cti
996 4778 1162 4853 respondit:
1180 4800 1194 4828 «
1211 4777 1283 4833 llcce
1299 4774 1405 4833 ancilla
1419 4776 1549 4841 Domini,
1567 4778 1618 4833 tlet
1633 4775 1704 4831 mibi
1718 4791 1766 4831 se·
1879 4772 1881 4777 '

58 4873 162 4930 Judaea
184 4887 258 4927 caece
273 4887 330 4926 non
348 4869 501 4937 intellexit,
518 4873 578 4925 tam
602 4867 746 4924 veridicos
768 4868 887 4926 nuntios
941 4871 1072 4928 cundum
1087 4867 1208 4924 vorbum
1223 4865 1421 4939 tuum(itid.).
1436 4867 1546 4923 »Beata
1559 4862 1767 4939 concredidit,

58 4960 187 5035 populus
202 4959 371 5015 incredulus
384 4975 441 5014 non
454 4959 612 5030 accepit,et
624 4957 690 5013 ideo
701 4973 770 5014 cum
784 4980 795 5007 ι
807 4958 888 5014 venit
942 4957 1082 5031 quoniam
1099 4954 1196 5012 omnia
1209 4951 1355 5027 complete
1369 4959 1440 5011 sunt
1450 4954 1487 5010 ei.
1499 4953 1647 5010 Nonenim
1664 4954 1767 5008 auctor

58 5053 90 5107 in
107 5050 235 5123 propria,
251 5048 296 5104 sui
313 5065 379 5104 auur
395 5065 451 5103 non
468 5051 641 5120 receperunt
655 5047 752 5119 (ioca.
769 5047 800 5119 1).
818 5070 832 5097 υ
850 5052 887 5103 Dc
941 5048 1010 5104 ssuei
1023 5045 1137 5118 concipi
1154 5044 1249 5117 potuit
1264 5045 1300 5099 de
1315 5042 1487 5109 incredule;
1503 5044 1626 5114 ideoque
1641 5040 1765 5113 primam

60 5141 169 5214 quibus
183 5156 233 5211 per
248 5138 422 5210 prophetam
437 5138 636 5209 conqueritur,
653 5136 772 5193 dicens:
794 5159 808 5186 (ι
834 5138 887 5194 Co·
941 5138 1031 5202 viam,
1042 5134 1152 5192 scilicet
1168 5149 1346 5190 consensum
1361 5132 1484 5204 virginis
1499 5130 1629 5204 oportuit
1652 5145 1767 5203 prepu-

59 5229 162 5301 gnovit
183 5228 236 5283 bos
261 5243 459 5298 possessorem
480 5243 580 5295 suurn,
596 5231 625 5283 et
641 5225 743 5282 asinus
760 5241 888 5297 praesepe
943 5228 1010 5283 rari.
1027 5225 1132 5281 Statim
1148 5228 1246 5279 autom
1263 5221 1389 5294 Spiritus
1404 5224 1526 5277 sanctus
1547 5217 1716 5288 supervenit
1736 5218 1764 5274 in

59 5317 238 5375 domiuisui:
256 5315 344 5372 lsrael
356 5321 453 5371 autern
467 5333 513 5371 me
526 5333 583 5372 non
595 5313 730 5387 cognovit
741 5315 808 5383 (loo.
824 5314 854 5385 r).
872 5334 886 5362 »
942 5332 1024 5383 ea1113
1052 5312 1132 5386 prius
1153 5312 1272 5386 quidem
1288 5311 1317 5366 in
1333 5326 1397 5365 carn
1413 5312 1540 5375 venerat,
1555 5324 1621 5363 cum
1638 5308 1668 5362 in
1685 5309 1765 5363 utero

58 5408 133 5465 Hinc
148 5405 190 5461 eis
205 5405 275 5460 dicit
290 5404 319 5459 in
336 5404 489 5474 Evangelio
506 5423 513 5460 z
539 5426 553 5455 κ
568 5405 597 5461 Si
615 5403 771 5460 crederetis
794 5401 884 5473 Moysi
901 5416 926 5480 1)
943 5404 1045 5463 matris
1060 5402 1190 5458 animam
1201 5399 1310 5472 ejusab
1321 5397 1456 5471 originali
1467 5402 1585 5470 peccato
1601 5397 1763 5468 mundavit,

58 5497 217 5554 crederetis
233 5495 335 5565 utique
359 5497 387 5550 et
413 5493 485 5548 mibi
510 5495 599 5567 (toea.
617 5494 655 5567 v).
672 5496 711 5552 De
737 5509 782 5551 me
805 5495 884 5551 enim
942 5495 991 5553 sed
1007 5497 1035 5550 et
1051 5508 1128 5548 nunc
1144 5488 1313 5564 supervenit
1327 5488 1356 5543 in
1372 5502 1447 5555 eam,
1464 5489 1498 5544 ut
1521 5503 1640 5544 carnem
1656 5487 1728 5559 ejus
1747 5502 1766 5542 a

60 5585 180 5658 scripsit
195 5583 264 5641 ille:
280 5583 454 5656 prophetem
470 5583 627 5641 suscitabit
646 5584 728 5643 vobis
752 5585 828 5643 Deus
851 5587 886 5643 de
942 5583 1044 5643 farnito
1061 5580 1172 5655 peccati
1199 5577 1364 5646 mundaret,
1373 5579 1519 5651 quatenus
1528 5580 1608 5637 esset
1618 5576 1682 5636 eine
1691 5590 1766 5649 ruga
1875 5628 1881 5639 .
