3796 5986
114 226 166 285 aaa
700 220 1006 281 consumunmt.
1026 250 1061 264 -
1080 226 1141 281 aa.
1161 223 1241 283 leot.
1768 212 1822 295 ts't

103 354 213 428 quiprc
232 356 356 426 tmpore
380 354 448 426 (att,
464 354 568 410 contra
590 352 701 408 statute
728 345 934 405 Cietercieneis
948 347 976 414 Α
991 349 1118 415 irarum,
1134 349 1236 408 nullus
1250 352 1385 425 rapinam
1401 371 1451 412 seu
1468 356 1581 415 lurtum
1597 360 1703 431 lacere,
1719 361 1819 435 ignem

102 443 232 513 ordinis,
252 460 285 500 se
299 443 489 517 aliquatenus
505 440 695 497 intromittat.
706 438 734 494 ei
747 453 813 493 vero
823 436 933 505 episco·
990 454 1139 509 apponere
1153 443 1327 512 sanguinem
1344 444 1477 514 strodere,
1488 447 1638 505 hominem
1651 458 1759 508 temere
1770 469 1820 509 ca-

101 550 169 607 pua,
186 532 218 589 in
233 534 322 605 cujus
336 531 478 605 parochis
491 531 598 586 domne
613 533 709 584 vestra
729 527 852 582 lundata
877 532 932 596 est,
988 543 1068 599 pere,
1084 526 1127 584 vel
1144 530 1318 596 interlicere,
1335 550 1388 589 eeu
1418 534 1585 594 violentiam
1604 541 1711 597 audeat
1734 557 1817 598 excr-

99 639 168 679 eum
184 621 357 679 bumilitate
373 638 407 678 ac
422 619 586 686 devotione,
606 634 665 691 qus
676 616 821 679 convenit,
835 613 932 687 requi·
987 632 1061 673 cere.
1078 621 1230 690 Praeterea,
1246 637 1349 677 omnes
1364 622 1515 681 libertates
1528 632 1558 682 et
1572 626 1816 700 immunitates,a

99 712 190 780 situs,
206 710 403 769 substitutum
418 710 554 766 abbatem
571 707 743 765 benedicere
752 709 781 759 et
791 702 931 775 aliaque
988 707 1251 775 predecessoribus
1267 712 1388 776 nostris,
1406 713 1545 770 Romanis
1561 718 1750 788 pontificibus
1766 737 1813 777 or·

98 801 136 855 ad
160 800 299 856 osticium
323 797 488 872 episcopale
510 796 666 870 pertinent,
692 793 775 849 vobis
799 792 931 849 conferre
985 795 1047 850 diui
1064 801 1160 852 vestro
1184 814 1352 867 concessae,
1381 817 1433 856 nee
1462 819 1520 858 non
1550 814 1579 860 et
1605 805 1756 865 libertates
1783 815 1814 867 et

99 888 245 960 mouerit,
261 888 376 944 licitum
391 886 430 945 sit
444 886 539 943 eidem
555 884 664 952 ablati,
680 883 704 938 si
722 887 820 938 tamen
832 896 929 936 sacer·
984 884 1183 955 exemptiones
1198 887 1382 946 saccularium
1398 893 1595 959 exactionum,
1611 897 1759 967 aregibus
1782 904 1813 957 et

98 978 152 1035 dos
166 978 272 1041 tuerit.
300 976 435 1050 proprios
451 974 577 1031 novitios
599 972 780 1040 benedicere,
806 976 834 1026 et
859 969 927 1040 alia,
984 973 1182 1046 principibus,
1206 976 1250 1032 vel
1268 978 1333 1034 aliie
1344 980 1480 1037 fidelibus
1496 983 1710 1042 rationabiliter
1729 989 1813 1046 vobis

98 1082 162 1138 qus
179 1066 218 1123 ad
233 1066 364 1123 osticium
379 1081 446 1121 sum
463 1063 609 1138 pertinent
624 1077 769 1127 exercere,
786 1065 814 1116 et
833 1059 928 1129 vobis,
983 1063 1125 1134 indultae,
1153 1067 1326 1123 auctoritate
1362 1069 1522 1140 apostolica
1546 1073 1759 1134 confirmamus
1783 1082 1813 1134 et

99 1155 203 1211 omnia
217 1156 257 1211 ab
271 1153 329 1211 alio
343 1153 480 1227 episcopo
495 1152 643 1225 percipere
659 1167 723 1223 quaa
734 1153 857 1204 svestro
869 1148 929 1204 lue-
983 1154 1135 1225 presentie
1150 1155 1252 1228 scripti
1268 1156 1419 1229 privilegio
1436 1162 1666 1218 communimus,

100 1245 160 1300 rint
175 1244 311 1300 indebite
325 1244 468 1316 denegata
480 1266 489 1309 t
500 1240 572 1297 illud
589 1240 771 1311 adjicientes,
788 1242 822 1293 ut
836 1237 865 1291 in
881 1252 926 1292 rc·
1016 1244 1205 1300 Decernimue
1227 1261 1307 1319 ergo,
1324 1253 1356 1301 nt
1371 1246 1444 1303 nulli
1460 1249 1581 1306 omnino
1601 1251 1757 1311 hominum
1772 1254 1811 1311 li.

101 1333 251 1406 cipiendis
265 1332 515 1406 possessionibus,
531 1347 595 1403 qun
610 1347 627 1386 n
641 1326 803 1385 benedisstis
817 1325 861 1381 vel
877 1325 927 1382 bs·
981 1335 1214 1401 casamentum
1223 1337 1811 1411 monasteriumttsmereperturbare,aut

99 1421 277 1479 redicendis
292 1421 448 1479 abbatibus
462 1420 649 1485 exhibentur,
664 1435 709 1487 es,
724 1417 788 1473 eine
797 1413 927 1487 episcopi
980 1421 1047 1492 ejus
1062 1421 1263 1492 possessiones
1279 1423 1405 1495 auterre,
1421 1423 1466 1481 vel
1480 1424 1593 1483 ablatas
1603 1428 1738 1497 retinere,
1751 1432 1810 1487 mi·

96 1511 195 1567 torma
208 1516 241 1568 et
254 1510 444 1584 expressione
458 1509 588 1566 contenti
602 1508 670 1580 (iti).
686 1522 750 1578 qua
765 1506 803 1561 ab
813 1504 926 1577 origiue
981 1526 1082 1580 nuere,
1098 1527 1150 1566 seu
1164 1511 1347 1582 quibuslibet
1367 1513 1571 1571 vexationibus
1596 1515 1730 1590 tetigere,
1755 1519 1807 1577 sed

97 1599 212 1656 ordinis
227 1599 362 1655 noscitur
375 1599 524 1665 instituta,
539 1602 572 1654 ut
591 1596 704 1652 scilicet
719 1594 841 1652 abbates
856 1591 925 1665 ipsi,
980 1599 1080 1656 omnia
1092 1608 1313 1668 conserventur,
1330 1619 1444 1669 eorum,
1458 1620 1510 1675 pro
1525 1621 1650 1675 quorum
1662 1606 1808 1679 guberna.

96 1688 180 1745 aslro
195 1688 302 1744 ordine
317 1704 382 1758 sno,
399 1687 530 1761 proiltsri
546 1687 681 1751 debeant,
696 1689 726 1740 et
740 1688 841 1740 contra
866 1688 925 1738 ets·
942 1715 966 1782 B
981 1686 1061 1744 tione
1076 1706 1110 1744 sc
1125 1689 1339 1746 sustentatione
1355 1707 1494 1748 concesse
1510 1697 1581 1748 eunt
1596 1694 1699 1751 usibus
1711 1696 1806 1753 omni·

97 1782 163 1834 tnta
178 1777 294 1835 ordinis
307 1777 353 1835 sui
367 1776 478 1833 nullam
494 1776 705 1849 professionem
729 1774 823 1830 lacere
847 1787 926 1828 ccm-
981 1779 1078 1834 modis
1090 1776 1250 1847 profutura,
1263 1779 1341 1834 salva
1353 1781 1432 1836 sedis
1442 1782 1609 1852 apostolice
1620 1785 1804 1843 auctoritate.

99 1866 263 1939 pellantur.
280 1867 334 1922 Pro
349 1865 619 1924 consecrationibus
632 1881 701 1920 vcro
717 1861 854 1919 altarium
882 1858 926 1917 vsi
980 1867 1078 1938 Siqua
1093 1866 1184 1938 igitur
1199 1867 1227 1922 in
1245 1869 1377 1923 l'uturum
1398 1868 1597 1926 ecclesiastica
1620 1871 1805 1931 secularisve

99 1952 709 2028 ecclesiarum,sireprooleosancto,vel
726 1950 857 2025 quolibet
876 1966 924 2007 en·
980 1972 1126 2028 persona,
1155 1955 1231 2011 bano
1258 1962 1364 2014 nostre
1401 1959 1621 2016 constitutionis
1644 1962 1805 2034 paginam,

96 2046 268 2101 etesisstieo
281 2050 465 2102 sacramento
480 2044 582 2100 nullus
596 2060 612 2098 s
626 2042 719 2109 vobis,
736 2042 792 2098 sub
803 2040 925 2096 obtentu
980 2046 1087 2112 sciens,
1104 2051 1205 2101 eontra
1219 2062 1282 2101 earn
1297 2051 1406 2102 temero
1420 2048 1689 2118 reniretentarerit,
1702 2066 1806 2107 secun·

97 2134 338 2204 consuetudinis,
352 2133 396 2190 rel
412 2133 469 2190 alio
480 2131 748 2203 modo,quidquam
761 2130 925 2185 audentea·
979 2134 1016 2191 do
1031 2134 1154 2190 tertiove
1168 2134 1354 2205 commonita,
1372 2135 1427 2190 nisi
1445 2141 1556 2192 reatum
1573 2154 1660 2193 suum
1676 2155 1806 2213 congrus

97 2226 251 2295 torquere,
265 2221 317 2278 scd
333 2222 434 2278 omnia
444 2221 536 2295 gratia
549 2220 632 2277 vobis
647 2216 921 2292 episcopusdioenn·
980 2223 1182 2281 satisfactione
1197 2225 1365 2294 correxerit,
1382 2227 1537 2297 potestatis
1552 2226 1732 2300 honorisque
1758 2231 1805 2286 sui

99 2327 194 2367 sauna
211 2311 365 2383 impendat
376 2328 384 2378 ;
395 2310 538 2383 alioquin,
554 2308 637 2365 liceat
654 2306 737 2364 vobis
761 2321 924 2379 quemcun-
979 2313 1124 2385 dignitate
1138 2318 1246 2379 careat,
1259 2313 1670 2386 reamquesedirinojudicio
1681 2316 1806 2373 existere

95 2416 153 2472 qna
164 2398 335 2455 malueritis
349 2398 527 2456 catholicum
553 2397 632 2454 adire
661 2394 833 2463 antistitem,
856 2411 924 2467 grt-
978 2402 1014 2457 de
1029 2404 1194 2471 perpetrata
1209 2400 1364 2472 iniquitate
1379 2408 1548 2475 cognoseat,
1564 2409 1593 2459 ct
1608 2421 1625 2459 a
1639 2405 1805 2463 sacratissi-

96 2489 167 2546 tiam
186 2494 218 2546 st
232 2489 471 2545 communionem
487 2487 654 2559 apostolieae
666 2485 924 2554 sediebabentem,
979 2507 1027 2546 mo
1042 2505 1162 2561 corpore
1172 2494 1201 2545 et
1216 2491 1361 2562 sangnine
1387 2491 1437 2546 Dei
1454 2497 1483 2546 et
1497 2491 1613 2547 Domini
1630 2493 1804 2567 Redempto.

96 2577 144 2650 qui
160 2571 925 2648 nostrairetnsauctoritste‚vobisquodpostulatur
979 2578 1071 2635 nostri
1086 2578 1155 2634 Jesu
1177 2577 1283 2633 Gbrieti
1308 2577 1403 2635 aliena
1431 2580 1491 2648 liat,
1508 2585 1597 2652 atque
1619 2582 1648 2637 in
1673 2589 1801 2640 extremo
1862 2564 1867 2575 ¹

96 2667 262 2739 impendat.
274 2667 355 2733 Quod
372 2667 397 2722 si
416 2668 502 2723 sedes
516 2664 672 2722 diaecesani
697 2662 825 2735 episcopi
851 2663 925 2718 lorte
978 2667 1111 2723 examine
1127 2665 1268 2721 districtis
1284 2665 1388 2722 ultioni
1399 2667 1559 2738 subjaceat.
1572 2669 1801 2728 Cunctieautem

95 2756 258 2825 navarit,
273 2755 391 2812 interim
408 2756 507 2811 omnis
520 2753 718 2810 ecclesiastica
740 2754 924 2807 sacramenta
977 2757 1072 2813 eidam
1094 2757 1156 2812 loco
1171 2772 1225 2811 sua
1238 2757 1307 2827 jura
1321 2756 1516 2823 servantibus,
1542 2757 1580 2813 eit
1604 2776 1660 2830 pax
1684 2759 1801 2815 Domini

95 2845 230 2901 aricinis
245 2844 390 2918 episcopis
404 2844 537 2917 accipere
548 2842 638 2899 libare
649 2849 676 2898 et
687 2841 799 2913 absque
811 2844 923 2897 contra·
977 2845 1070 2902 nostri
1085 2846 1156 2901 lesu
1173 2844 1293 2912 Christi,
1309 2852 1454 2916 qnatenus
1469 2853 1499 2900 et
1514 2845 1561 2901 hic
1578 2846 1704 2904 lrnotum
1716 2847 1799 2905 bone

95 2933 230 2989 dictione
246 2933 379 3005 possitis,
395 2933 437 2990 sic
451 2938 562 2997 tamen,
579 2936 612 2987 ut
631 2947 666 2988 ex
689 2929 744 2986 boc
768 2931 797 2984 in
823 2933 922 3002 poete·
977 2934 1101 2992 actionis
1117 2933 1288 3005 percipiant,
1308 2938 1337 2987 et
1363 2934 1440 3006 apud
1470 2933 1637 2990 districtum
1665 2935 1801 2994 iudicem

94 3038 160 3078 mm
178 3022 308 3096 propriis
321 3022 468 3095 episcopis
483 3019 598 3078 nullum
614 3018 817 3093 prejudicium
832 3033 922 3091 gene·
978 3023 1099 3097 praemia
1125 3027 1239 3078 aeternas
1267 3021 1348 3093 pacis
1377 3021 1536 3078 inveniant.
1566 3030 1670 3080 amen.
1695 3030 1800 3083 Amen.

94 3117 187 3168 ratur.
200 3110 276 3180 Quia
285 3128 352 3168 vern
362 3111 510 3168 interdum
520 3109 705 3183 propriorum
717 3108 921 3180 episcoporum
937 3081 959 3148 c
977 3117 1080 3170 Amen.

93 3200 567 3274 eopiamnonbabetis,siquam
588 3200 759 3271 episcopum
785 3201 921 3253 Romane
1014 3202 1072 3274 bgo
1093 3199 1314 3272 innocentius,
1345 3199 1495 3257 catholicae
1523 3200 1661 3258 Ecclesiae
1690 3202 1803 3275 episco-

94 3290 190 3357 sadia,
203 3294 237 3346 nt
251 3288 391 3359 diximus,
407 3289 648 3346 communionem
663 3287 831 3356 habentem,
847 3287 922 3342 etde
978 3307 1044 3364 pue.

93 3394 153 3451 quo
170 3377 289 3450 plenam
317 3379 450 3435 notitiam
478 3377 622 3448 babeatis,
646 3393 698 3450 per
719 3391 771 3431 vos
794 3375 923 3432 transire
1013 3384 1072 3453 Ego
1087 3376 1453 3448 Octavianus,Hoetieneis
1469 3381 1498 3433 et
1513 3377 1702 3436 velletrensis
1725 3380 1803 3452 epis·

92 3467 252 3538 eontigerit
276 3467 312 3523 ab
340 3483 374 3524 eo
403 3466 623 3523 benedictiones
649 3480 785 3521 vasorum
802 3469 830 3520 et
857 3480 921 3519 ves·
977 3485 1081 3542 oopus,

95 3555 189 3625 bum,
203 3555 441 3613 consecrationes
455 3553 920 3622 altarium,ordinationeamona·
1012 3562 1070 3630 ssgo
1087 3561 1200 3629 petrus,
1216 3555 1385 3628 portuensis
1400 3560 1430 3611 et
1444 3560 1546 3612 sancta
1566 3555 1673 3612 nunna
1691 3556 1804 3629 episco-

92 3644 220 3702 chorum
238 3645 411 3701 auctoritate
431 3643 681 3717 apostolicaesedis
691 3643 820 3714 recipere
829 3639 922 3697 vales·
975 3664 1042 3721 pus,

92 3735 142 3791 tis.
163 3733 256 3790 Porro
271 3733 295 3789 si
310 3734 453 3805 episcopi,
474 3732 519 3791 vel
545 3733 594 3789 alii
620 3731 810 3789 ecclesiarum
826 3735 920 3786 recto·
1012 3739 1070 3809 Ego
1084 3736 1223 3803 ioannes,
1242 3732 1419 3791 albanensis
1433 3734 1590 3807 episcopus

90 3839 149 3890 ras,
167 3821 199 3877 in
216 3823 395 3879 monasteris
408 3826 504 3879 vestra
518 3821 563 3878 vel
580 3820 804 3894 personaeinibi
814 3820 921 3876 consti·
1011 3824 1068 3896 ilgo
1080 3823 1197 3889 Petrus,
1213 3820 1293 3878 tituli
1309 3820 1421 3877 Sanctae
1438 3819 1561 3877 Coeoiliae
1572 3821 1725 3894 presbyter
1735 3838 1798 3879 car-

89 3916 185 3976 tutes,
202 3909 418 3981 suspensionis,
433 3909 758 3976 excommunicationis,
773 3908 818 3965 vel
830 3909 920 3964 inter·
974 3912 1094 3969 dinalie.

88 4000 163 4056 dicti
174 4000 352 4056 costumiam
364 3997 831 4072 promulgaverintsireetisnrin
842 4013 919 4053 mer·
1010 4006 1068 4075 Ego
1083 4001 1187 4067 Gallio,
1204 4001 1234 4056 S.
1249 3998 1347 4056 Maris
1356 3999 1433 4054 inira
1447 3998 1582 4072 Tyberim
1593 3998 1671 4054 tituli
1682 3998 1799 4069 calixti,

87 4089 227 4146 mnemon
241 4093 367 4156 vestros,
384 4104 436 4161 pro
450 4105 484 4145 co
499 4088 577 4161 quod
591 4087 722 4144 decimae
743 4103 799 4142 non
828 4085 918 4141 solvi·
975 4092 1130 4164 presbyter
1144 4089 1315 4145 cardinalis.

87 4178 139 4245 tis,
159 4178 222 4234 sive
236 4175 337 4251 aliqua
351 4177 506 4235 occasione
520 4193 621 4233 eorum
638 4176 747 4249 quaeab
758 4173 919 4248 apostolica
1010 4179 1068 4250 ligo
1083 4178 1178 4250 Ilugo,
1195 4179 1347 4249 presbyter
1361 4173 1520 4230 cardinalis
1531 4175 1625 4231 sancti
1634 4174 1755 4231 Martini
1765 4180 1795 4232 et

88 4266 276 4340 benignitate
287 4266 371 4324 robis
386 4266 504 4323 indulta
521 4283 572 4323 seu
597 4266 627 4322 in
654 4264 854 4321 benefactores
868 4280 918 4318 ve·
972 4267 1095 4340 Equitii.

89 4358 180 4424 atros,
199 4371 250 4427 pro
265 4371 299 4412 eo
314 4356 392 4428 quod
407 4354 508 4427 aliqua
521 4355 603 4411 vobis
618 4351 813 4410 beneficiavel
833 4353 918 4407 obse·
1008 4357 1067 4429 ligo
1082 4355 1212 4411 Joannse
1228 4352 1306 4409 tituli
1317 4351 1414 4408 Sancti
1426 4350 1604 4424 Stephaniin
1614 4350 1703 4408 celio
1715 4352 1796 4410 lion·

90 4443 163 4516 qnia
177 4459 213 4500 ex
228 4443 368 4500 charitate
384 4444 583 4517 praestiterint,
605 4441 647 4497 rel
663 4444 698 4498 ad
722 4441 916 4498 laborandum
933 4451 955 4516 [J
971 4450 999 4502 te
1014 4444 1166 4517 presbyter
1180 4440 1350 4497 cardinalis.

91 4532 307 4604 adjuverintin
320 4531 380 4588 illis
389 4532 493 4589 diebus
504 4534 532 4587 in
543 4531 652 4605 quibus
663 4547 714 4586 voe
724 4528 865 4585 laboratis
876 4533 915 4600 et,
1007 4535 1066 4607 Ego
1078 4533 1219 4600 ioannes,
1235 4530 1313 4587 tituli
1329 4530 1442 4586 Sanatae
1458 4528 1562 4587 Priscae
1573 4528 1725 4603 presbyter
1732 4546 1795 4588 aar.

91 4621 144 4677 alii
160 4620 315 4688 feriantur,
331 4622 464 4678 eamdem
481 4621 658 4678 sententiam
675 4619 860 4693 protulerint,
876 4618 917 4690 ip·
970 4621 1089 4678 dinalis.

91 4726 168 4777 um,
185 4714 327 4783 tuaquom
344 4716 446 4767 contra
457 4711 534 4767 aedis
550 4709 716 4782 apostolica
728 4707 842 4764 indulta
853 4724 917 4779 pro·
1006 4716 1064 4783 Ego
1080 4711 1213 4780 enacim,
1230 4715 1397 4766 sanctorum
1414 4707 1534 4764 loannis
1543 4711 1572 4763 et
1581 4705 1661 4764 Pauli
1674 4708 1794 4782 presby-

90 4798 183 4855 latam
198 4799 338 4856 duximus
352 4799 537 4869 irritandam,
554 4796 782 4856 neclittersillre
795 4797 917 4853 firmita—
970 4803 1017 4856 ter
1030 4798 1200 4866 cardinalis,
1216 4798 1294 4854 tituli
1312 4795 1470 4853 Pamacbii.

87 4893 149 4945 mm
165 4887 304 4955 babeant,
321 4904 407 4961 quas,
419 4888 509 4945 tacito
523 4886 642 4944 nomine
657 4886 916 4943 cisterciensisor·
1006 4889 1066 4959 Ego
1081 4887 1250 4960 Gregorius,
1261 4886 1339 4942 titali
1349 4885 1448 4942 Sancti
1458 4883 1563 4941 Vitalie
1574 4884 1726 4958 presbyter
1735 4899 1794 4942 car·

88 4975 181 5046 dinis,
197 4980 228 5032 et
241 4981 342 5033 contra
353 4981 483 5033 tenorem
499 4975 726 5048 apostolicorum
748 4973 915 5047 privilegio·
971 4977 1089 5033 dinalie.

86 5080 153 5121 rum
172 5061 914 5138 constiteritimpetrari.Paciquoqueettranuil·
1004 5067 1065 5140 ligo
1080 5065 1265 5134 Benedictus,
1281 5064 1359 5121 tituli
1389 5062 1793 5138 SanctnSusannepresby·

87 5153 164 5211 litati
180 5159 285 5211 vestre
300 5154 614 5228 paternsinposterum
631 5152 830 5210 sollicitudine
846 5167 913 5224 pro·
969 5159 1015 5212 ter
1029 5154 1200 5211 cardinalis.

84 5243 186 5301 videre
200 5243 342 5311 volentes,
357 5245 530 5301 auctoritate
540 5241 700 5316 apostolica
710 5242 911 5315 probibemus,
1003 5244 1062 5317 Ego
1078 5245 1251 5313 Granianon,
1277 5248 1449 5302 Sanctorum
1474 5248 1583 5300 cosma
1607 5245 1636 5300 et
1656 5240 1789 5299 Damianl

86 5349 125 5391 ss
139 5332 220 5391 inira
234 5333 387 5392 clausuras
402 5333 545 5404 locorum,
560 5348 611 5390 seu
631 5330 821 5405 grangiarum
844 5345 911 5388 ves·
966 5335 1108 5393 diaconus
1123 5336 1291 5394 cardinalis.

123 5546 183 5620 (οη
196 5546 244 5605 sic
258 5544 366 5621 legitor
379 5547 410 5606 in
422 5552 545 5622 apogr„
560 5547 700 5605 mendose
711 5549 745 5604 ut
757 5545 883 5604 videtur.
