3796 5986
46 250 108 309 357
647 244 771 304 SERMO
789 242 839 314 Xl,
859 248 896 303 ΙΝ
914 247 1172 305 elucidabunt.
1708 252 1762 309 358
1871 198 1874 207 Ι

48 373 267 437 munerationis
290 376 403 431 retorna
431 375 630 430 murmuraret
654 374 757 428 contra
781 366 881 427 Domi·
896 376 923 443 Α
937 370 1040 442 (Erote.
1054 372 1085 443 ι),
1101 376 1130 428 et
1156 374 1284 445 perversi
1307 374 1426 431 difficile
1443 375 1668 449 corriguntur.»
1686 360 1770 435 bicet‘
1850 400 1856 409 ·

48 462 278 541 num,autquod
289 462 467 538 ejosocutus
479 462 665 535 sitnequam.
681 461 763 517 Sicut
779 465 878 517 autem
934 467 1030 518 autem
1047 478 1082 517 ex
1096 479 1129 519 co
1153 463 1231 535 quod
1247 468 1293 519 est
1317 464 1517 536 praemittitur,
1532 466 1602 538 quia
1626 469 1667 524 sic
1680 473 1763 525 cruat

48 554 231 631 inlegitima
253 552 391 611 facultate
412 550 563 627 seponitur
586 548 770 621 impossibile
786 549 881 621 gratia
931 552 1020 625 primi
1032 551 1179 609 nouissimi
1201 557 1227 609 et
1250 553 1395 611 nouissime
1414 556 1512 626 priori.
1529 555 1666 614 Protinus
1680 559 1762 615 vide·
1863 552 1868 561 “

49 641 240 717 disponendi,
254 638 333 701 sicut
345 642 415 701 etin
426 637 553 699 hocloco
565 639 750 714 impossibile
762 638 882 713 ponitur
934 647 983 697 tur
999 642 1099 699 inferri
1123 642 1200 714 quod
1218 644 1301 699 osatti
1314 648 1379 700 aaut
1403 647 1492 701 vocati
1512 645 1548 702 de
1564 645 1673 719 quibus
1687 647 1763 704 dici·
1850 694 1853 699 .

47 728 246 809 persimilem
271 746 403 802 causam,
419 735 452 787 ut
473 744 575 787 verum
597 726 781 801 ostendatur,
807 742 879 801 quo·
935 734 1006 786 tur:
1025 732 1091 787 l'ccc
1105 730 1258 802 operarios,
1274 737 1300 789 et
1315 732 1395 790 recide
1420 733 1482 791 illis
1505 736 1656 793 amaedeus
1669 753 1761 796 suom.

48 825 141 882 modo
153 822 234 895 juste
258 818 354 880 valeat
377 819 559 895 responderi.
576 818 659 876 Patet
683 816 780 889 itaque
803 814 881 889 quod
936 819 1007 876 Inde
1020 817 1114 888 electi,
1132 820 1167 876 dc
1184 820 1292 893 quibus
1308 823 1511 897 subjungitur,
1526 827 1602 898 quod
1618 826 1763 900 accipien-
1837 858 1840 863 ·

48 912 90 969 sic
104 919 189 970 eruat
202 910 348 969 acciuimi
359 909 458 983 primi,
473 919 500 966 ct
520 907 608 982 primi
631 904 788 973 novissimi,
804 906 882 963 unda
936 912 979 964 tes
991 908 1144 965 denarium
1154 909 1282 967 coelestis
1298 910 1562 983 beatitudiuis,nou
1578 920 1704 986 possunt
1718 916 1763 973 iu·

51 998 157 1058 nullus
172 1000 293 1059 omniuo
318 1001 453 1073 desperet
468 996 528 1055 sive
544 999 580 1054 de
603 994 798 1054 diuturnitate
814 1011 882 1068 pac·
937 996 1027 1071 telligi
1043 997 1100 1054 nisi
1118 999 1205 1069 beati,
1222 1000 1270 1070 qui
1287 999 1492 1059 universaliter
1517 1006 1587 1058 sunt
1610 1002 1705 1062 electi.
1720 1004 1763 1061 Ad

51 1091 112 1148 cati
125 1095 270 1165 nuquam
287 1105 346 1145 nou
361 1088 455 1162 possit
470 1086 654 1144 consuetudo
670 1083 779 1140 motari
791 1103 799 1154 ;
813 1083 884 1156 quia
937 1085 1018 1143 illam
1045 1088 1205 1160 perfactam
1222 1089 1399 1145 sententiam
1427 1089 1486 1147 baec
1507 1089 1656 1149 conclusio
1678 1093 1765 1151 debet

52 1182 130 1239 Deua
147 1197 205 1236 non
221 1177 318 1236 solum
332 1194 451 1253 pueros,
466 1171 821 1245 adolescentes,juvencs,
836 1186 883 1228 ve·
938 1174 1049 1245 inferri,
1065 1194 1124 1249 qua
1138 1175 1264 1234 dicitur:
1281 1176 1364 1242 Quod
1379 1178 1409 1235 iu
1426 1196 1545 1237 ornnem
1560 1186 1669 1239 terram
1680 1198 1765 1241 evan·

51 1288 119 1329 rum
135 1268 227 1327 etiam
252 1285 339 1326 senes
353 1270 382 1324 et
405 1264 570 1339 decrepitos
594 1268 677 1320 vocat
691 1261 728 1319 ad
744 1264 885 1336 poeniteu—
937 1263 1035 1337 getica
1053 1263 1268 1336 praedicationis
1284 1283 1374 1323 sonus
1390 1268 1479 1325 exivit
1503 1271 1590 1339 (Psoi.
1606 1271 1697 1343 xviri),
1713 1272 1765 1329 sed

50 1360 124 1419 bam
142 1364 174 1416 ut
196 1361 404 1417 convertantur
425 1360 455 1413 et
469 1352 643 1427 resipiscant
660 1353 742 1412 :sive
757 1369 809 1424 pro
825 1367 886 1407 ma·
939 1370 997 1410 nou
1022 1369 1125 1411 omnes
1148 1353 1256 1411 Christi
1282 1356 1437 1430 Evangelio
1462 1359 1598 1419 credunt.
1620 1360 1674 1427 Qui
1699 1377 1766 1419 vero

51 1449 211 1524 gnitudine
235 1451 434 1521 peccatorum,
459 1447 603 1516 tanquam
629 1460 687 1499 nou
710 1441 804 1515 possit
828 1440 884 1497 im·
940 1460 997 1500 nou
1013 1444 1192 1514 credit‚jam
1213 1442 1367 1515 judicatus
1390 1451 1454 1516 eet;
1472 1448 1550 1504 unde
1574 1465 1643 1505 oum
1666 1448 1767 1523 plures

51 1536 120 1613 pius
135 1536 225 1613 digne
239 1534 410 1594 satisfacere
424 1534 460 1590 dc
476 1531 691 1609 peccatis,quia
704 1531 781 1588 Deus
797 1532 886 1587 ctiam
939 1536 1011 1590 sunt
1024 1532 1168 1589 increduli
1191 1550 1281 1605 quam
1308 1533 1418 1605 fideles,
1440 1535 1549 1609 absque
1571 1536 1661 1594 dubio
1685 1538 1769 1597 matti

52 1644 159 1703 parum
183 1624 354 1684 laborantes
381 1622 509 1681 multum
535 1627 713 1680 remunerat.
740 1624 798 1678 Nec
813 1618 885 1676 illud
939 1631 1005 1678 sunt
1022 1623 1118 1691 boeoti,
1134 1624 1219 1691 pauci
1231 1621 1325 1693 electi,
1340 1640 1409 1680 cum
1425 1628 1455 1681 et
1469 1625 1505 1682 de
1527 1625 1665 1685 fidelibus
1681 1627 1768 1685 multi

53 1718 202 1776 deterreat
230 1715 309 1775 ultra
333 1711 558 1786 modum,quod
588 1710 671 1768 multi
698 1717 764 1767 aaut
786 1708 886 1778 vocati,
940 1710 1174 1778 damnentur,bi
1199 1708 1389 1783 scilicet,qui
1418 1712 1768 1787 fldemoperibusabne·
1873 1726 1876 1739 ·

52 1808 138 1883 pauci
152 1822 215 1865 bero
230 1804 319 1877 alecti,
334 1800 476 1879 quoniam
492 1801 521 1857 in
537 1803 593 1858 bac
617 1800 763 1875 paucitate
778 1814 886 1871 magna
940 1804 1030 1874 gant3
1046 1798 1115 1872 quia
1130 1822 1144 1850 «
1161 1798 1268 1856 melius
1283 1805 1328 1858 ast
1342 1801 1419 1858 viam
1435 1802 1567 1861 veritatis
1588 1822 1645 1862 nou
1661 1822 1768 1881 agnos·

55 1902 100 1955 ast
113 1894 297 1967 multitud03
314 1892 384 1968 quia
398 1894 442 1949 tot
457 1889 592 1949 salvandi
607 1894 678 1947 sunt
694 1905 729 1945 ax
754 1886 887 1945 bomini·
942 1904 1019 1954 cere,
1035 1904 1123 1962 quam
1140 1891 1206 1962 post
1219 1890 1397 1963 agnitionem
1414 1891 1535 1950 retroire
1557 1892 1592 1966 (ll
1605 1894 1679 1952 Petr.
1693 1896 1765 1969 nl.»

58 1984 214 2061 bus,quot
242 1984 362 2042 luerunt
390 1981 497 2056 angeli.
527 1978 615 2038 Juxta
643 1978 721 2052 quod
752 1978 887 2051 legitur:
945 1975 1212 2052 Abistcrumergo
1229 1994 1421 2035 numerosos
1442 1980 1769 2057 excipiatdispensator

63 2068 889 2145 «constituistiterininosgentiumsecuodumuume-
943 2066 1032 2121 vineu
1057 2064 1314 2139 JesusGbristua,
1339 2068 1482 2141 quicum
1507 2070 1768 2135 Patreetsancta
1873 2060 1876 2065 ¹

62 2181 131 2222 rum
147 2161 319 2236 angelorum
336 2159 417 2219 Dei.»
432 2157 485 2216 Sed
502 2157 641 2214 dicuntur
655 2156 741 2230 pauci
756 2160 891 2229 respectu
944 2155 1056 2228 Spiritu
1072 2156 1184 2213 visitet
1199 2157 1393 2231 reguatDeus
1409 2158 1438 2216 iu
1454 2158 1562 2218 saeculs
1581 2163 1768 2223 seculorum.

64 2252 222 2325 malorum,
237 2250 309 2324 quia
324 2273 339 2302 s
354 2249 513 2307 stultarum
529 2244 664 2303 infinitus
688 2252 734 2303 est
749 2261 891 2303 numerus
946 2248 1049 2301 Amen.

765 2642 958 2733 SllltMO
992 2645 1067 2731 XI.

571 2821 608 2880 ru
631 2821 692 2879 uis
711 2819 873 2879 crassus
894 2819 960 2878 sao
980 2819 1108 2877 maire
1127 2817 1272 2878 imbro.

65 2974 103 3031 lle
135 2970 243 3044 jejunii
280 2966 425 3042 dignitate,
462 2970 491 3022 et
526 2966 649 3024 utilitate
679 2983 690 3024 .·
728 2965 837 3039 triptici
873 2965 991 3023 sotemm
1022 2964 1143 3038 jejunio,
1182 2962 1311 3023 uidelicet
1349 2972 1469 3041 quotuor
1505 2974 1673 3045 temporum,
1710 2991 1778 3047 qao·

100 3052 288 3122 ἀναμείνω,
324 3050 350 3106 et
388 3046 588 3118 Vigiliarum
629 3048 666 3105 de
696 3047 778 3104 modo
810 3045 936 3120 jejunii,
975 3045 1113 3104 orationis
1149 3052 1313 3121 anpaento,
1351 3052 1378 3104 ct
1415 3048 1651 3125 eleemosynarum
1688 3051 1779 3125 tarpi-

102 3136 187 3190 tione.

105 3462 144 3518 Ta
164 3476 229 3519 aaut
245 3458 431 3533 jejunaveris,
454 3472 526 3529 aspa
552 3463 633 3528 capot
647 3463 738 3525 mara,
753 3464 779 3513 ct
793 3456 930 3528 sociemc
951 3456 1069 3513 civitate
1093 3460 1144 3512 tua
1168 3456 1362 3525 Hierusalem,
1379 3460 1407 3513 et
1431 3462 1566 3515 amente
1592 3463 1693 3517 sancto
1723 3464 1776 3518 tuo

66 3559 146 3607 tucos
161 3550 224 3605 uva
238 3547 343 3623 (Μὴ.
359 3547 408 3620 vr).
946 3548 1077 3617 Placere,
1093 3544 1346 3614 Domine,attcnde
1361 3550 1390 3602 at
1405 3546 1507 3617 lao,ne
1523 3548 1656 3604 moreris.
1672 3549 1776 3607 ltdbuc

105 3638 238 3713 Dignitas
258 3637 366 3710 jejunii
391 3635 595 3707 multipliciter
617 3635 842 3692 commendatur
857 3650 896 3691 :a
948 3636 1013 3708 ipso
1027 3634 1176 3707 loquente,
1188 3650 1254 3693 ecce
1269 3636 1314 3692 vir
1328 3635 1445 3692 Gabriel
1459 3637 1556 3710 tetigit
1571 3653 1638 3695 eum
1657 3638 1689 3694 in
1705 3639 1776 3696 bora

67 3728 144 3797 loco,
171 3733 313 3801 tempora,
336 3727 373 3783 ab
400 3730 528 3782 auctora.
555 3724 623 3781 Fuit
645 3724 725 3781 enim
745 3725 894 3796 jejunium
949 3724 1085 3782 sacrificii
1096 3725 1264 3796 vespertini,
1280 3730 1309 3782 et
1324 3725 1471 3782 nuntiarit
1485 3743 1587 3799 preces
1602 3728 1672 3799 ejus
1692 3743 1778 3786 exan-

68 3820 248 3890 pracaptum
262 3834 279 3872 a
294 3820 363 3884 Deo,
379 3822 558 3888 preceptum
577 3814 657 3886 Ado,
672 3818 850 3886 preceptum
866 3813 895 3869 in
950 3815 1026 3871 ditae
1042 3831 1059 3871 a
1076 3815 1198 3871 Domino
1213 3815 1294 3886 (Dan.
1312 3815 1362 3885 rx).
1379 3839 1391 3868 ι

68 3903 452 3979 principic,pruoeptumin
464 3902 599 3975 paradiso
613 3919 620 3959 :
636 3923 650 3951 a
662 3903 699 3958 Dc
709 3901 789 3975 tigno
800 3901 897 3959 scien*
985 3902 1070 3960 Valet
1081 3904 1172 3960 etium
1187 3904 1223 3960 ad
1241 3904 1356 3960 veniam
1372 3905 1604 3978 impetrandam,
1615 3907 1781 3963 secundum

67 3996 117 4052 tias
132 3992 379 4052 bonietmaline
407 3993 764 4066 comedas:quacunque
788 3991 897 4048 dienc-
952 3993 1030 4065 quod
1055 3993 1090 4050 ad
1122 3994 1361 4067 pradicationem
1386 3994 1535 4067 propbetas
1562 3995 1617 4051 viri
1646 3995 1784 4053 Ninivitas

68 4084 208 4151 mederis,
225 4088 318 4141 morta
341 4083 476 4140 morieris
492 4081 570 4153 (Gen.
585 4082 658 4146 ut.»
678 4082 809 4137 Primum
829 4094 899 4153 ergo
953 4083 1186 4154 predicaverunt
1207 4082 1379 4154 jejunium:
1398 4105 1409 4134 ι
1427 4084 1567 4139 Homines
1584 4088 1613 4139 et
1636 4083 1781 4154 lumenta,

68 4177 260 4247 preceptum,
274 4172 352 4245 quod
371 4174 444 4228 [teus
458 4170 559 4226 intulit
575 4170 699 4238 homini,
716 4169 752 4225 da
767 4170 899 4226 ciborum
954 4170 1043 4226 boves
1055 4176 1084 4227 et
1098 4176 1210 4241 oves,et
1220 4187 1325 4243 peoora
1339 4187 1397 4228 non
1407 4175 1602 4242 gustaverunt
1616 4172 1780 4246 quidquam

67 4262 184 4321 exstitit
205 4262 395 4320 abstinentia.
420 4260 501 4326 Quod
527 4261 620 4316 donec
645 4258 709 4331 ipae
728 4258 900 4324 custodivit,
954 4265 1007 4315 aut
1020 4259 1207 4317 biberuntltt
1221 4259 1294 4316 uidit
1308 4262 1384 4316 Deus
1399 4275 1488 4332 opera
1502 4275 1615 4329 eorum,
1632 4261 1703 4335 qula
1714 4276 1784 4319 con·

68 4351 199 4409 fideliter
213 4350 350 4424 perstitit.
367 4350 421 4409 Ubi
437 4366 506 4407 varo
521 4353 726 4421 transgressae
749 4352 808 4414 est,
822 4364 901 4404 mor·
953 4348 1031 4405 versi
1046 4353 1145 4405 essent
1156 4348 1476 4417 citoarinsuamols,at
1487 4351 1627 4407 misertus
1637 4356 1683 4408 est
1694 4367 1784 4424 super

68 4441 171 4500 taliter
184 4441 306 4499 corruit
322 4440 406 4499 Unde
421 4456 473 4513 per
489 4439 555 4510 ejus
569 4437 750 4495 contrarium
776 4437 902 4511 intelligi
956 4436 1070 4493 malitia
1085 4454 1175 4510 quam
1192 4439 1308 4495 locutus
1323 4443 1379 4501 est.
1393 4443 1426 4494 ut
1442 4438 1549 4495 iaceret
1565 4441 1608 4496 eis
1624 4443 1695 4509 (lca.
1710 4441 1785 4515 snt.»

70 4536 180 4605 potest,
196 4548 287 4605 quam
315 4532 425 4587 bonum
453 4530 493 4585 sit
512 4529 672 4600 Jejunium.
690 4526 796 4585 Omnia
820 4527 900 4584 enim
992 4527 1076 4583 Valet
1090 4528 1127 4583 ad
1143 4544 1259 4600 poenam
1274 4527 1439 4594 vitandam,
1455 4528 1619 4586 secundum
1635 4531 1714 4603 quod
1730 4530 1784 4587 lla·

71 4620 377 4695 animmquaecuuqua
390 4634 489 4676 aenon
500 4615 701 4674 humiliaverit
711 4615 742 4672 iu
752 4616 905 4688 lpaojeju·
956 4616 1024 4673 ther
1037 4617 1112 4691 (cap.
1129 4619 1168 4689 ιν)
1183 4617 1219 4673 ad
1235 4616 1392 4674 consilium
1406 4616 1578 4674 mardochai
1602 4619 1699 4676 tribus
1724 4620 1785 4677 dic·

68 4710 111 4767 nii
123 4709 182 4775 die,
198 4709 446 4768 exterminabitur
466 4709 502 4765 de
514 4706 622 4780 populo
641 4705 808 4777 suolchit.
823 4706 905 4778 1¹11).
958 4708 1013 4762 bus
1028 4707 1166 4763 attribue
1190 4706 1328 4763 noctibus
1347 4706 1503 4777 jejunavit,
1520 4712 1549 4763 et
1564 4713 1672 4766 extunc
1686 4709 1722 4766 ad
1738 4724 1785 4765 ra·

106 4796 224 4857 Utilitas
234 4814 304 4872 ergo
321 4797 433 4870 jalunii
445 4794 640 4868 multiplicius
655 4796 834 4867 assignatur.
852 4795 906 4851 Le·
922 4827 944 4893 D
959 4812 1025 4868 gem
1040 4796 1175 4868 ingressa
1200 4795 1368 4867 impetravit
1392 4796 1606 4853 revocationem
1622 4797 1785 4866 sententia,

72 4888 157 4963 gitur
169 4889 249 4945 enim
259 4887 412 4961 jejunium
427 4884 555 4943 valuisse
578 4885 615 4941 ad
631 4883 706 4940 iram
721 4883 773 4940 Dei
788 4883 905 4956 placen·
961 4902 1050 4958 quam
1065 4888 1158 4942 bman
1182 4883 1345 4957 postulerat
1367 4886 1509 4942 adsersus
1528 4886 1658 4951 iudaea,
1675 4889 1708 4942 ut
1722 4885 1789 4943 uui·

73 4978 145 5034 dam
155 4980 185 5034 et
194 4976 535 5051 vaniamimpetrandam
548 4990 555 5031 ε
568 4973 604 5032 ad
616 4990 731 5046 pmnam
743 4974 906 5043 sitandam,
960 4972 1037 5032 versi
1052 4975 1191 5046 perirent.

68 5062 905 5141 etnequltiamcxstirpandam3admunditiamrctineu·
995 5063 1080 5121 Valet
1104 5064 1140 5120 ad
1170 5062 1332 5135 nequitiam
1361 5062 1594 5136 exstirpandam,
1623 5062 1786 5122 meandum

70 5155 154 5225 dam,
169 5159 200 5213 et
221 5154 419 5228 ignorantiam
444 5151 665 5225 repellendam
691 5152 727 5208 sd
752 5151 905 5208 victoriam
960 5154 1035 5223 quod
1060 5151 1174 5209 Veritas
1200 5152 1298 5225 iuquit
1321 5152 1352 5208 in
1374 5150 1552 5221 Evangelia:
1583 5170 1598 5201 s
1615 5151 1672 5208 ltoo
1695 5168 1788 5222 genus

70 5245 314 5319 eonuqaendsm
328 5249 358 5302 et
373 5243 500 5317 gratiam
526 5241 729 5299 obtinendam.
743 5239 825 5298 Valet
838 5256 906 5312 ergo
960 5240 1371 5313 demoniorumnonaJ'ioitur‚
1383 5239 1441 5296 nisi
1452 5238 1481 5294 in
1498 5238 1789 5314 oratlooeetjejuuio

68 5333 220 5406 jeiunium
231 5334 268 5390 ad
279 5332 352 5390 iram
363 5332 552 5405 placandam,
568 5330 732 5388 secuudum
748 5330 826 5401 quod
851 5330 905 5388 Da·
960 5332 1063 5403 (Moab.
1082 5332 1163 5403 xvir).
1180 5352 1194 5381 n
1209 5329 1369 5387 Lanaricus
1389 5328 1467 5383 enim
1480 5327 1530 5383 ille
1550 5330 1704 5400 stridebat,
1718 5346 1791 5404 spu·

71 5422 133 5483 niel
149 5424 243 5482 oravit
256 5422 415 5480 Dominum
431 5423 462 5479 in
474 5420 610 5493 ieiuniis,
626 5435 732 5494 panem
756 5420 905 5476 desidera·
961 5421 1071 5489 mahat,
1099 5426 1127 5477 et
1149 5420 1323 5477 arescebat:
1348 5416 1493 5473 stridebat
1517 5433 1570 5490 par
1592 5419 1788 5493 iracundiam,

72 5513 179 5591 bitem·
193 5529 254 5571 non
281 5512 449 5579 comedens,
464 5524 628 5583 carnesque
656 5512 685 5565 et
711 5508 814 5565 vinum
843 5526 903 5567 non
959 5510 1120 5582 spumabat
1144 5525 1195 5582 per
1209 5508 1368 5575 luxuriam,
1385 5505 1537 5562 arescebat
1559 5524 1613 5581 per
1627 5509 1787 5581 ignaviam.

73 5607 223 5678 gustans:
240 5625 254 5655 a
271 5603 437 5674 avertatur,
460 5597 568 5671 inquit,
594 5598 728 5668 obsecro,
749 5597 794 5653 ira
816 5600 868 5656 tua
889 5616 907 5657 a
960 5599 1078 5663 Quare?
1091 5598 1219 5671 Spiritus
1236 5594 1409 5663 iracundia,
1426 5595 1549 5667 spiritua
1576 5597 1711 5671 luxuria,
1735 5598 1795 5671 spi·
1843 5605 1845 5609 ’
