3796 5986
78 284 82 291 ·
139 265 211 326 titt
630 262 838 322 muocue'rfl
856 259 1017 316 1119ssAE
1035 256 1223 313 opuscula
1239 259 1362 315 DUBIA.
1448 258 1455 270 '
1803 261 1849 318 tlt

139 391 317 449 destituetur
331 388 468 446 auxiliis:
485 390 536 446 sed
551 386 756 461 spiritualibus
776 380 965 459 sempiternis
979 381 1007 448 A
1057 379 1328 452 «Damnstihilvel
1348 380 1443 455 vohis)
1466 381 1652 441 societatem
1679 386 1850 443 emma

140 481 268 555 gaudeat,
281 479 438 536 institutis,
454 483 510 535 Per
523 477 684 535 Christum,
1017 468 1241 541 participatione
1255 471 1424 528 orationum
1439 477 1628 540 nostratum,
1640 478 1674 530 et
1686 473 1849 532 beneficium

175 574 261 640 Dens,
277 568 325 625 cui
342 569 495 642 proprium
509 572 554 624 est
578 565 677 623 miseri
701 579 819 638 semper
841 567 870 621 el
898 577 967 635 par·
1019 555 1271 631 eleemosynarum
1284 565 1463 619 nostrerum.
1475 561 1850 636 »illdicitnrDeogretia

140 674 205 717 cere
221 657 359 730 :suscipe
372 658 610 730 deprecationem
621 661 753 712 nestram
764 671 771 710 :
783 650 965 710 etlamulum
1055 652 1159 705 Postea
1173 650 1323 706 osculetur
1335 668 1352 707 a
1362 651 1514 722 tratribus,
1531 658 1561 710 et
1576 653 1746 710 scribatur
1757 655 1787 710 in
1796 653 1850 712 libre

138 753 236 818 tuum,
252 747 522 827 quemdslictorum
534 752 637 802 catena
648 743 835 816 constringit,
844 740 967 797 misere·
1019 737 1280 805 confraternitatis,
1296 745 1325 796 et
1340 739 1414 796 illud
1430 742 1531 811 etiam,
1548 743 1636 815 quod
1661 744 1744 800 dere
1761 747 1850 817 preni-

138 837 180 894 eio
194 842 254 894 tuae
269 835 387 910 pietatis
403 835 544 892 absolvat,
562 836 614 891 Per
625 832 788 892 Christum.
1020 825 1093 882 serit
1105 825 1135 881 in
1151 842 1329 898 unoquoque
1344 845 1421 885 anno
1437 845 1444 885 :
1461 834 1490 886 st
1500 847 1569 889 cum
1584 833 1764 889 defunctus
1773 833 1851 901 luent.

175 926 264 996 Deus,
276 924 326 999 qni
341 923 547 997 apostolistuis
561 930 696 981 sanctum
708 921 815 978 dedisti
824 918 967 993 Spiritum
1020 914 1224 972 conscribatur
1237 914 1267 970 in
1282 915 1469 977 Kelenderio.

141 1012 389 1073 concederemulo
400 1022 450 1070 tun
462 1016 516 1086 pie
528 1014 681 1086 petitionis
692 1012 843 1069 ellectum:
861 1013 902 1080 nt,
920 1005 968 1064 cui
1038 1024 1106 1079 οη,
1124 1021 1158 1078 v,
1183 1053 1218 1063 -
1238 1023 1374 1092 Quomodo
1397 1024 1501 1100 aliquis
1519 1026 1652 1103 offertus·
1676 1030 1711 1086 in
1728 1032 1843 1104 possitis

142 1103 252 1162 dedisti
267 1104 368 1172 iidem,
384 1101 520 1176 largiaris
535 1108 564 1159 ct
587 1118 699 1175 pacem.
726 1101 778 1156 Per
806 1098 966 1156 Dominum
1266 1097 1298 1152 io
1311 1094 1454 1154 devotione
1466 1106 1601 1170 murac.

141 1200 285 1254 nostrum.
1056 1182 1180 1239 Domine
1195 1183 1272 1240 Deus
1287 1185 1485 1260 omnipotens,
1501 1189 1553 1262 qui
1565 1204 1602 1246 es
1626 1189 1855 1264 incomprehen-

176 1307 243 1360 Gsr.
267 1301 315 1358 1V.
331 1331 365 1343 -
391 1301 517 1371 Qualiter·
538 1301 653 1357 societas
672 1307 767 1356 nostro
778 1298 932 1371 potentatus
1021 1270 1117 1328 ⁸ibi¹i⁸
1132 1271 1352 1374 eilimmffllw‘»
1374 1274 1425 1348 (1¹¹i
1447 1278 1535 1334 tuum
1557 1277 1687 1351 illam
1713 1280 1856 1339 milone

509 1373 600 1429 detor.
1021 1365 1122 1417 sancta
1137 1359 1243 1433 eligere
1258 1362 1398 1436 dignatus
1416 1378 1459 1434 ss,
1484 1367 1615 1424 cencede
1639 1367 1720 1426 huic
1746 1369 1857 1442 lamule,

177 1462 250 1519 (lum
267 1460 376 1536 aliquis
389 1464 560 1519 societatem
577 1460 702 1515 fratrum
718 1457 801 1531 petit,
816 1461 845 1514 et
859 1455 966 1514 oratio·
1020 1448 1065 1506 vel
1081 1467 1183 1523 puero,
1197 1449 1286 1508 vitam
1296 1451 1462 1521 honestem,
1478 1456 1745 1516 conversationem
1758 1461 1858 1518 stadio

143 1551 232 1608 nibus
247 1568 349 1608 eorum
364 1550 489 1608 voluerit
503 1567 535 1606 se
551 1547 767 1619 commendare,
783 1546 813 1603 in
838 1545 968 1620 capitulo
1021 1555 1095 1608 eam,
1111 1539 1644 1617 0r2250¹¹⁰111placibilem,quei0nue
1663 1546 1787 1624 dignus
1801 1550 1857 1607 elli·
1886 1528 1888 1609 i

141 1647 345 1715 prosternatur
360 1642 389 1698 in
405 1648 493 1698 terra.
508 1640 543 1696 Et
557 1639 603 1695 hic
618 1637 741 1711 incipiat
756 1636 835 1710 prior
861 1636 905 1694 vel
921 1653 968 1695 se·
1021 1626 1115 1685 vietur
1129 1630 1268 1686 societate
1283 1638 1461 1690 sanctorum·
1479 1633 1533 1692 Per
1547 1638 1587 1708 te,
1606 1637 1661 1712 qui
1681 1653 1720 1696 es
1745 1638 1857 1697 henedi-

142 1731 246 1788 oerdos
260 1730 315 1787 hos
331 1730 462 1803 psalmos
477 1746 484 1785 ε
500 1728 604 1785 Levavi
620 1725 721 1784 oculos
734 1743 826 1784 mens.
843 1731 883 1783 De
898 1743 966 1800 pro·
982 1754 1007 1823 B
1021 1722 1085 1774 vius
1101 1717 1131 1774 iu
1146 1717 1252 1776 seculo
1267 1719 1450 1779 seculorum.
1467 1724 1568 1782 tmen.

142 1820 254 1877 lundis.
271 1820 342 1877 Ecce
370 1837 458 1893 quam
473 1818 603 1890 henum.
627 1816 712 1890 llyrie
735 1815 856 1875 eleison.
882 1816 968 1874 Peter
1038 1826 1107 1884 car.
1122 1825 1170 1884 Vl.
1187 1856 1221 1869 -
1236 1827 1307 1897 Quid
1318 1829 1423 1900 fratros
1434 1828 1720 1907 cadetithamre
1731 1834 1844 1895 caat

144 1914 254 1967 noster.
1311 1909 1340 1956 et
1352 1917 1409 1958 aon
1423 1903 1554 1976 amplias.

142 1999 171 2068 5.
193 1998 226 2054 tlt
241 2014 277 2054 ne
293 2014 347 2054 nos
358 1996 483 2053 inducas
497 1996 528 2051 in
543 1995 735 2052 tentationem
1056 1995 1163 2053 Nullus
1177 2013 1265 2054 sunm
1277 1997 1389 2071 aliquid
1412 2006 1572 2072 presumat
1595 2003 1705 2063 dicere
1723 2023 1732 2064 :
1759 2006 1806 2065 Sic
1827 2009 1859 2067 de

142 2088 173 2157 ri.
193 2086 248 2142 Sed
263 2085 357 2142 libere
372 2102 426 2142 nos
441 2104 458 2143 a
473 2084 562 2141 malo.
1020 2083 1125 2158 primis
1139 2085 1248 2145 Christi
1273 2088 1427 2162 discipulis
1449 2091 1561 2148 dictum
1583 2098 1656 2151 est:
1686 2096 1784 2153 smne
1806 2098 1857 2155 itta

140 2176 168 2247 γ.
189 2176 306 2232 Salvum
322 2176 367 2232 lac
382 2190 499 2231 servum
514 2178 610 2230 tunm.
1019 2173 1115 2230 omnin
1128 2177 1288 2233 commemo
1301 2176 1370 2250 (Act.
1387 2180 1437 2252 tv).
1454 2179 1631 2239 Procurator
1651 2200 1729 2242 vern
1756 2187 1857 2245 domne

140 2265 171 2335 rt.
191 2269 270 2320 Deus
286 2279 371 2319 meus
386 2267 556 2336 sperantem
570 2261 600 2317 in
616 2265 653 2318 te.
1019 2263 1183 2320 seeundum
1217 2266 1421 2324 necessitatem
1456 2268 1701 2345 uniuscujusque
1736 2274 1857 2335 fideliter

21 2426 24 2433 Ι
138 2354 167 2425 7.
188 2353 271 2411 Mitte
286 2353 324 2420 ei,
339 2354 474 2426 Domine,
491 2351 631 2409 auxilium
644 2352 680 2408 de
695 2356 808 2410 sancto.
1018 2351 1157 2409 omnihus
1171 2353 1367 2424 administret,
1379 2357 1550 2415 sicutetiam
1562 2361 1854 2434 seriptiumsstutt-

139 2444 170 2514 rt.
190 2443 226 2500 lit
240 2443 275 2501 do
290 2442 360 2500 Sion
376 2448 459 2499 tuere
474 2457 553 2499 eum.
1018 2441 1163 2498 videretvr
1183 2444 1301 2516 siliquiis
1326 2451 1411 2515 prone
1434 2447 1535 2520 cviqve
1561 2465 1633 2521 opas
1657 2462 1727 2511 erat
1756 2455 1855 2530 (idid).

137 2533 165 2604 γ.
187 2532 313 2589 Ostende
324 2532 420 2601 nohis,
439 2531 570 2603 Domine,
585 2529 818 2589 misericerdiam
833 2535 927 2589 tuam.
1019 2529 1134 2587 Fratres
1149 2547 1207 2588 non
1223 2537 1357 2607 querant
1371 2535 1653 2609 amplinsexdehito
1670 2541 1737 2600 nisi
1751 2561 1854 2619 penem

137 2623 169 2694 si.
189 2626 225 2678 lit
236 2621 365 2679 salutare
380 2631 463 2679 tuum
477 2621 515 2678 da
529 2622 625 2678 nohis.
1018 2624 1047 2677 et
1061 2636 1167 2692 equam
1184 2637 1194 2678 :
1209 2625 1238 2677 et
1251 2623 1376 2680 vestitus
1386 2640 1487 2683 eornm
1503 2626 1543 2684 sit
1556 2626 1696 2699 humilis,
1714 2633 1852 2706 quisito·

136 2713 166 2783 5.
187 2712 322 2781 homine,
337 2710 444 2768 exandi
460 2710 624 2767 orationem
640 2725 747 2767 meam.
1018 2709 1092 2764 mini
1107 2714 1177 2766 sunt
1192 2727 1348 2784 pauperes,
1365 2731 1490 2787 quornm
1509 2732 1610 2774 soreos
1626 2735 1682 2778 nos
1704 2725 1854 2782 eeeeiete·

136 2803 168 2873 h.
189 2801 224 2858 ht
237 2800 349 2859 clamor
364 2816 447 2857 mens
461 2801 498 2856 ad
513 2805 541 2856 te
554 2798 662 2856 veniat.
1019 2815 1087 2855 mur
1102 2817 1110 2856 ι
1127 2800 1198 2856 nudi
1213 2804 1243 2857 et
1259 2802 1371 2861 sordidi
1385 2803 1537 2878 incedunt,
1551 2811 1581 2864 et
1594 2810 1684 2884 turpe
1697 2816 1748 2871 est
1762 2829 1853 2881 seno,

136 2891 165 2962 i.
185 2890 327 2949 Dominus
342 2889 507 2947 vobiscum.
524 2891 554 2959 ri.
570 2889 683 2946 iltcum
693 2887 804 2962 Spiritu
819 2893 880 2945 tuo.
1018 2892 1051 2944 ut
1065 2891 1105 2945 sit
1119 2891 1276 2962 superbus,
1290 2896 1320 2949 et
1334 2892 1473 2953 dominus
1487 2896 1552 2969 eius
1563 2896 1757 2960 sithumilie.

488 2977 611 3035 Oramus.
1034 2997 1101 3052 Ges.
1116 2993 1178 3051 Vll.
1194 3025 1229 3037 -
1244 2997 1328 3068 Quid,
1342 3003 1370 3056 st
1383 3018 1401 3058 o
1414 3017 1467 3075 qno
1483 3007 1608 3076 portetur
1628 3006 1668 3064 nd
1692 3024 1835 3069 meast.

171 3067 261 3136 ΒΜ
280 3067 332 3141 ‘³¹²5
356 3082 388 3123 ⁰⁸
402 3067 469 3123 ΜΒ
493 3067 583 3166 ῑῡἙῙΠΒ
605 3065 823 3134 ffli⁸⁰fi⁰⁰¹di³³¹
852 3082 920 3138 ⁸9⁰⁸
933 3069 996 3189 “G
1052 3092 1143 3149 Nemo
1158 3095 1709 3177 pratercellernriumdecihnvelpotu
1720 3109 1760 3165 ad
1773 3126 1853 3169 men·

135 3155 803 3228 consolatorlugentium,vttaetselusadte
826 3154 957 3212 claman-
1014 3181 1614 3261 33m‚„013m0m'nisiporlimfim
1635 3195 1778 3268 mimi
1793 3199 1846 3257 nli·

133 3242 220 3314 tium,
235 3244 341 3300 exaudi
356 3260 457 3316 preces
472 3242 572 3316 populi
588 3243 642 3312 tui,
658 3248 686 3300 a
704 3242 834 3311 tttorum,
860 3243 911 3316 qut
926 3260 958 3300 ⁸⁰
1012 3270 1083 3343 quta
1100 3276 1204 3344 portet.
1221 3273 1400 3334 Similitersi
1428 3278 1491 3336 nort
1512 3285 1621 3353 pona,
1647 3285 1685 3340 aa
1712 3302 1848 3347 meum

132 3331 164 3388 in
178 3332 288 3434 nostris
304 3333 486 3390 orationihus
499 3332 725 3404 commendant,
754 3338 788 3389 ut
809 3348 876 3433 eum
901 3338 958 3390 tua
1012 3358 1102 3417 simul
1117 3377 1220 3418 omne„
1234 3365 1387 3440 pompm,
1402 3358 1530 3427 gtgjmul
1540 3375 1756 3447 pomonam,
1784 3395 1850 3437 ,ma

133 3426 270 3493 potentia
285 3422 404 3479 dextere
419 3422 838 3495 protegat,etdelendat:qu1
853 3429 957 3496 quate·
1012 3454 1114 3523 gentes
1129 3450 1293 3511 diffidant,

134 3510 255 3568 nustihi
265 3510 320 3568 seli
332 3512 456 3568 Domine
470 3528 574 3568 secura
586 3516 682 3568 mente
693 3511 791 3569 valeat
801 3512 958 3580 deservire,
1012 3556 1079 3615 cst·
1094 3557 1168 3617 VHL
1184 3591 1219 3602 -
1236 3562 1333 3619 Vm
1346 3579 1460 3636 mm,
1483 3568 1541 3625 m.
1561 3567 1661 3628 cmm.
1682 3573 1748 3630 'm
1765 3590 1844 3649 m·

134 3601 265 3673 atqueah
276 3600 867 3668 omnitentationummolestialiheralus,
877 3606 957 3658 tren·
1313 3641 1410 3708 mm,
1420 3640 1461 3695 aa
1474 3639 1535 3710 m·

133 3688 228 3762 quilla
243 3689 322 3761 pacis
336 3689 432 3746 salute
447 3691 547 3763 pietati
561 3697 618 3747 tua
629 3691 784 3749 continuas
796 3707 881 3764 agere
890 3708 958 3765 gra·

134 3777 191 3834 tiu
207 3782 355 3835 mereatur
382 3780 434 3836 Per
452 3779 607 3837 Dominum
1047 3719 1222 3777 Benedicite.
1238 3720 1339 3780 Clerici
1354 3728 1534 3799 respondent
1548 3731 1848 3810 :Benediciteltyrie

1012 3807 1134 3881 eleison,
1144 3810 1260 3869 christe
1274 3812 1395 3883 eleison,
1414 3815 1500 3874 Pater
1524 3822 1634 3879 noster.
1658 3820 1783 3882 Secreto
1804 3825 1848 3882 di·

455 3886 516 3942 ste
535 3889 637 3944 oratio.
1012 3901 1106 3955 netur.
1123 3899 1243 3965 Quodsi
1259 3909 1431 3973 procurater
1452 3905 1559 3964 domus
1583 3908 1675 3968 luerit
1700 3929 1846 3987 praeseus,

169 3973 259 4041 Deus,
274 3975 324 4048 qui
335 3992 367 4032 es
377 3975 526 4047 justorum
537 3975 630 4049 glorie
643 3975 957 4050 etmisericordispec-
1011 3986 1055 4044 vel
1071 3987 1123 4060 qui
1137 3987 1234 4045 laeum
1249 3989 1315 4062 ojus
1327 3992 1465 4066 mouerit,
1481 3995 1580 4055 dieat:

133 4067 265 4121 cetorum
282 4081 289 4121 :
307 4063 646 4138 pietatemtusmhumill
656 4065 956 4138 precedepnsuirnus:
1012 4079 1044 4150 a,
1063 4080 1213 4135 ternanos
1227 4078 1352 4138 indum
1367 4081 1397 4138 in
1412 4084 1617 4145 mansionem,

43 4184 47 4189 -
133 4152 323 4210 utinmulnm
339 4158 424 4210 tuum
439 4155 473 4211 N.
489 4154 615 4227 henigne
630 4154 764 4226 recipias,
788 4160 816 4213 et
840 4155 958 4229 pietatis
1047 4167 1772 4243 ntttrospondeant:asodttnsrsnossmato.

133 4245 191 4299 lua
206 4243 231 4299 ei
247 4243 413 4300 custodiam
429 4244 595 4317 impendas,
612 4248 645 4300 ut
659 4261 693 4301 ex
706 4248 765 4301 tota
790 4250 888 4302 mente
904 4245 958 4302 tibi
1011 4257 1183 4331 Adjungat:
1206 4262 1237 4314 1n
1261 4260 1380 4318 nomino
1400 4263 1496 4322 Patri.
1519 4270 1549 4322 at
1572 4265 1640 4323 Filii
1663 4272 1694 4327 at
1712 4270 1844 4345 spiritua

133 4329 289 4402 deserviat,
311 4336 340 4389 et
366 4333 423 4389 suh
452 4336 502 4389 tua
531 4333 710 4406 protectione
740 4333 893 4394 consistat.
922 4335 958 4392 nt
1012 4348 1237 4405 „floreamus

133 4422 251 4494 quando
262 4421 305 4478 eis
315 4426 447 4479 extreme
460 4422 524 4480 dies
535 4422 694 4495 advenerit,
705 4423 876 4482 societatem
887 4441 955 4482 sen·
1049 4437 1082 4492 Ει
1095 4435 1138 4493 sio
1148 4436 1185 4492 ad
1198 4453 1331 4495 mensam
1347 4439 1476 4498 meant,
1492 4445 1599 4503 pom,
1611 4443 1844 4510 &mmmm

132 4514 246 4567 ctorem
263 4511 424 4584 pereipiat:
441 4528 508 4569 cum
521 4512 630 4584 quihus
649 4513 878 4571 inenarrabilem
892 4513 956 4588 glo·
970 4494 996 4562 D
1011 4530 1115 4584 Amen,

31 4650 34 4655 ·
49 4618 52 4625 '
133 4598 209 4657 Μ
221 4599 284 4656 Βῑῦθ
295 4602 353 4657 flue
368 4601 528 4674 Ρθθθῑᾱθῦῑ·
545 4601 599 4658 Ρθΐ
612 4601 772 4662 Christum·
1046 4614 1237 4672 Postmodum
1251 4621 1406 4690 surgentes
1418 4635 1436 4676 a
1450 4637 1553 4680 mensa
1567 4622 1686 4685 dicent:
1698 4625 1841 4690 Miserere

452 4707 631 4768 Alioorctio.
1010 4705 1067 4762 mei
1081 4705 1170 4761 Deus.

167 4796 324 4854 Precemur
338 4802 377 4865 te,
392 4797 526 4866 Domine,
544 4798 781 4857 utintsroedenle
791 4800 878 4857 hesta
890 4799 955 4858 Vir·
1046 4794 1113 4850 P⁰⁸i
1128 4794 1327 4868 bllbl'unssiiui
1342 4796 1460 4855 ³0¹⁰li⁸
1473 4801 1564 4875 mis
1586 4805 1643 4861 ⁸²⁰·
1659 4804 1750 4866 8¹0¹st
1763 4815 1836 4868 mi·

131 4887 199 4960 gine
214 4886 306 4944 illaria
321 4903 387 4943 cum
397 4887 536 4944 omnihus
547 4889 657 4945 sanctis
672 4888 741 4956 luis,
767 4889 878 4947 famulo
903 4893 955 4948 tuo
1009 4881 1129 4953 Deinde,
1141 4882 1228 4955 Kysis
1235 4880 1359 4942 eleison.
1371 4885 1485 4956 Christe
1494 4887 1616 4949 eleison.
1627 4891 1718 4952 Peter
1725 4904 1838 4971 noctu,

129 4976 164 5034 N.
189 4975 406 5049 indulgentiam
430 4976 543 5034 tribues
568 4982 764 5050 peccatorum,
787 4994 863 5050 opus
889 4980 954 5051 ejus
1010 4974 1037 5043 i·
1058 4973 1093 5028 Fri
1107 4987 1143 5028 ¹¹0
1155 4987 1209 5028 1¹⁰⁸
1221 4971 1346 5030 indute!
1355 4973 1386 5031 in
1401 4978 1606 5039 tentationem.

126 5064 262 5139 perlinias
273 5065 302 5121 in
315 5065 438 5135 honum,
450 5065 682 5123 misericordiam
697 5067 860 5138 etgratiam
870 5072 952 5126 tuem
1009 5064 1039 5133 ii·
1060 5061 1114 5118 Sed
1129 5061 1222 5118 libert
1236 5078 1290 5119 1¹⁰³
1305 5062 1423 5121 emelo-

128 5155 155 5211 ei
170 5154 323 5225 concedas,
341 5155 409 5222 lide,
425 5171 488 5229 spe,
504 5159 534 5212 et
554 5154 696 5212 charitate
723 5171 791 5211 eum
820 5155 951 5228 repleas3
1043 5152 1127 5209 Dicet
1137 5151 1195 5220 ille,
1209 5152 1257 5225 qui
1270 5151 1506 5214 benedictionem
1514 5157 1639 5231 dixerat,
1653 5166 1838 5239 responden·

128 5248 256 5301 mentem
272 5245 336 5316 ejus
356 5244 392 5301 ad
417 5244 547 5301 caelestia
568 5244 713 5301 desideria
735 5245 840 5316 erigas,
864 5251 892 5302 st
916 5246 952 5303 eh
1006 5241 1087 5299 tibus
1102 5239 1186 5297 aliis:
1202 5240 1256 5298 Sed
1270 5241 1362 5299 libera
1376 5260 1431 5302 nos
1446 5261 1464 5301 a
1479 5247 1566 5307 mele.

127 5332 208 5391 omni
224 5333 397 5390 adversitate
408 5333 546 5390 delendas
557 5350 635 5400 eum,
647 5338 676 5391 st
686 5335 722 5391 nd
733 5334 840 5391 honam
854 5350 952 5407 perse·
1041 5331 1250 5404 adjungetur:
1272 5331 1482 5394 Benedicsmus
1517 5338 1656 5414 nonum
1678 5345 1709 5401 et
1731 5360 1838 5406 omna

126 5421 288 5481 versutiam
304 5423 457 5494 perduces.
474 5423 529 5480 Per
543 5422 711 5480 Dominum.
1006 5421 1219 5494 respondeant:
1236 5422 1293 5476 Dee
1305 5422 1427 5493 gratiae.

162 5510 305 5568 Posthac
320 5511 406 5567 detur
418 5510 463 5567 illi
477 5528 546 5568 oum
562 5510 637 5568 libro
653 5516 682 5569 et
694 5510 781 5580 stola,
798 5512 891 5586 petite
905 5530 952 5572 sc·
1041 5511 1095 5579 Qui
1112 5526 1178 5570 vero
1187 5510 1395 5585 ignoraverint,
1418 5514 1557 5580 Miserere
1580 5519 1638 5581 mei
1658 5520 1767 5584 Deus:
1787 5524 1835 5584 di.

127 5600 227 5673 cletas,
243 5597 339 5673 priore
350 5599 395 5656 vel
409 5599 616 5661 sacerdotaila
630 5600 764 5661 dicente:
1005 5605 1074 5662 oeni
1087 5600 1246 5677 quinquies
1260 5605 1346 5662 Pater
1359 5608 1472 5671 noem.
