3796 5986
89 232 141 289 ³51
512 229 722 287 rrtrtocttrtrn
741 231 780 285 111
799 230 901 284 PAPAE
920 227 1112 285 muortns
1130 229 1179 284 DE
1196 228 1378 285 murone

837 455 970 524 SERMO
993 456 1048 523 tx.

656 625 830 683 cantalar
851 624 888 685 ΙΝ
909 624 1199 683 aemularemur.

269 805 309 857 De
321 801 403 870 pravi
412 801 476 870 iaco
490 814 573 871 cuper
582 797 654 871 tilios
668 795 767 868 Adara,
777 797 808 852 ia
815 794 960 939 hinpreaaa,
974 811 1122 868 progressu
1134 800 1160 853 ct
1172 812 1287 870 egressu
1300 815 1312 862 ,·
1325 808 1351 856 et
1365 798 1398 857 dc
1411 801 1594 870 occupatione

834 887 928 940 onesta
945 892 972 941 et
985 885 1061 940 utili.

9 1334 14 1339 .
120 1292 263 1364 occupatio
287 1307 391 1362 macno
409 1295 506 1347 creatu
529 1292 568 1346 cet
597 1289 724 1346 omnituc
742 1285 909 1354 tomiaitua,
925 1285 952 1352 A
967 1286 1002 1343 lte
1016 1287 1093 1344 Deus
1109 1287 1206 1363 inquit
1225 1291 1261 1348 ad
1282 1291 1382 1364 ipsum
1397 1308 1404 1347 ι
1421 1314 1436 1343 «
1460 1291 1539 1349 ainis
1554 1309 1596 1362 ee,
1619 1297 1648 1350 et
1663 1293 1696 1350 in
1717 1294 1795 1352 cine·

84 1390 110 1441 et
123 1384 221 1454 iugum
244 1397 329 1453 proce
351 1396 433 1454 cuper
451 1381 523 1452 fittoc
547 1379 643 1450 Adanu,
664 1395 681 1435 a
704 1378 858 1434 uincitur
880 1376 914 1433 dc
966 1392 1027 1433 rem
1049 1379 1212 1437 reverteris.
1241 1401 1256 1431 »
1276 1411 1312 1423 -
1336 1402 1350 1435 e
1370 1382 1564 1456 comparatus
1586 1400 1664 1452 eum,
1682 1383 1791 1457 inquit,

83 1478 179 1529 uentre
203 1471 303 1526 matria
321 1486 426 1538 corum,
453 1485 539 1542 usque
556 1467 587 1524 in
612 1468 685 1524 diem
710 1467 861 1540 sepultura
882 1466 913 1522 in
966 1466 1039 1539 luto,
1055 1472 1084 1524 et
1099 1468 1282 1527 assimilatur
1297 1487 1363 1527 eum
1375 1469 1481 1527 saville
1488 1475 1517 1530 et
1525 1472 1616 1529 cineri
1628 1473 1685 1543 tici
1693 1476 1792 1545 xxx).1

86 1569 205 1618 matrem
216 1563 343 1618 omnium
357 1560 444 1632 (dccli
457 1559 515 1632 xc).
965 1557 1099 1615 Audistis
1132 1557 1211 1615 enirn
1237 1560 1351 1632 dequo
1380 1560 1525 1618 lormatue
1544 1567 1590 1618 eet
1618 1563 1717 1629 homo,
1739 1565 1792 1621 sed

124 1650 218 1707 Mater
241 1650 374 1706 omnium
399 1649 552 1705 homiuum
578 1650 655 1704 terra
682 1650 737 1712 est,
758 1649 787 1702 ct
810 1644 911 1702 cadem
966 1645 1065 1702 audite
1080 1647 1116 1702 dc
1129 1653 1367 1721 quoconceptuc.
1381 1671 1395 1701 a
1408 1651 1490 1720 Quis,
1506 1651 1614 1723 inquit,
1635 1656 1732 1724 potest
1753 1654 1794 1708 ia·

85 1741 165 1795 terra
180 1737 370 1796 eetomnium
396 1736 552 1793 hominum
572 1734 734 1809 sepultura.
757 1735 913 1807 Propterea
966 1736 1184 1793 ceremunduru
1200 1737 1236 1793 dc
1250 1738 1402 1795 immundo
1427 1744 1600 1812 conceptum
1623 1739 1793 1797 seminet»

87 1827 166 1900 quod
182 1827 238 1883 Job
254 1826 369 1883 dicebat
385 1843 392 1882 ε
410 1849 424 1877 «
441 1826 545 1883 Nudae
561 1841 698 1898 egreeeue
709 1824 819 1880 eumdc
831 1825 912 1880 utera
968 1846 979 1873 ι
996 1824 1066 1880 llcce
1082 1825 1110 1880 in
1126 1825 1334 1898 iniquitatibus
1356 1836 1513 1896 conceptue
1538 1846 1616 1895 sum,
1639 1833 1668 1886 et
1685 1828 1717 1886 in
1743 1831 1794 1886 de-

88 1917 195 1974 metria
212 1932 293 1988 meae,
311 1917 408 1972 nudus
423 1920 551 1972 revertar
563 1914 633 1970 illuc
648 1913 710 1985 (toi
725 1913 757 1986 ι).
776 1935 790 1963 »
806 1913 837 1968 ln
853 1928 912 1968 ver·
964 1911 1042 1968 lictis
1058 1914 1172 1987 peperit
1186 1932 1232 1970 me
1248 1921 1339 1972 mater
1357 1934 1422 1973 mea
1436 1918 1521 1990 (Paci.
1532 1919 1567 1991 ι).
1581 1919 1696 1976 »Nemo
1707 1936 1794 1975 mun·

87 2008 136 2065 bic
150 2010 248 2062 autem
260 2005 419 2079 propositis
435 2005 631 2061 circaetatum
655 2003 791 2059 humana
816 2002 914 2058 candi·
965 2001 1020 2058 dus
1035 2003 1152 2059 acarde
1167 1996 1288 2076 peccati,
1305 2022 1358 2062 nec
1373 2006 1471 2063 intans
1488 2007 1575 2063 unius
1587 2007 1655 2075 diei,
1671 2009 1722 2083 qui
1745 2026 1796 2064 na·

87 2095 179 2154 tionis
189 2099 246 2152 tria
258 2095 404 2167 precipue
416 2093 603 2149 considerare
611 2093 769 2148 dehemus:
797 2091 911 2163 ingres·
965 2094 1014 2146 tus
1029 2095 1075 2147 est
1090 2109 1179 2165 cuper
1193 2097 1312 2150 terram.
1322 2095 1430 2151 Audite
1444 2112 1511 2169 ergo
1521 2097 1555 2152 ad
1568 2097 1637 2170 quid
1654 2102 1795 2155 natusest

90 2201 170 2254 cum,
185 2199 386 2258 progressum,
400 2186 429 2238 et
442 2197 605 2255 egressum.
619 2182 656 2237 De
671 2196 828 2253 progressu
840 2196 912 2253 prae·
964 2179 1062 2235 hamc.
1080 2203 1095 2231 a
1109 2181 1188 2249 Avia,
1204 2182 1309 2254 inquit,
1326 2183 1502 2241 nasciturad
1514 2187 1652 2258 rolatum,
1668 2187 1793 2244 ethome

90 2273 241 2331 mittitur:
261 2273 407 2345 Occupatio
417 2287 519 2343 macac
529 2279 671 2327 creataeat
685 2271 812 2326 omnibus
823 2269 914 2324 tomi·
965 2272 1053 2324 natue
1068 2272 1113 2325 cst
1127 2271 1162 2326 ad
1179 2270 1307 2327 laborem
1323 2273 1381 2341 (tot
1397 2273 1434 2347 v).

4 2370 8 2377 '
91 2363 174 2419 nitar
184 2380 195 2426 ;
211 2364 247 2418 de
262 2362 397 2435 ingressu
414 2360 631 2434 subjungitur:
657 2358 739 2415 Adie
762 2360 856 2415 cattus
877 2358 914 2414 de
999 2356 1123 2414 «Cuncti
1137 2358 1199 2416 dies
1209 2360 1432 2431 ejaelaboribus
1443 2365 1615 2421 etaerumnie
1625 2365 1701 2438 pleni
1711 2371 1791 2422 sunt:

91 2451 294 2511 ucatrcmatria
305 2468 422 2517 ecram;
435 2451 600 2521 deegreesu
610 2448 814 2505 concluditur:
828 2447 915 2519 qurrc
966 2462 1019 2502 nnc
1031 2447 1191 2520 requiescit
1206 2465 1257 2520 per
1272 2455 1387 2508 noctem
1405 2467 1488 2509 mene
1504 2454 1579 2525 ejus.
1596 2454 1688 2511 Homo
1704 2460 1792 2512 natue

6 2592 17 2617 Ι.
86 2543 123 2599 'ia
134 2541 209 2598 diem
222 2543 374 2614 repattarae
389 2541 545 2595 iumatrcm
560 2540 693 2595 omnium.
709 2536 792 2593 Circa
815 2552 914 2607 quem·
965 2536 1001 2593 de
1017 2535 1150 2606 muliere,
1166 2538 1245 2595 brevi
1260 2540 1360 2597 vivens
1375 2544 1516 2614 tempore,
1533 2543 1661 2616 repletur
1687 2545 1791 2601 multie

26 2632 30 2637 '
91 2631 163 2688 libet
176 2647 244 2686 vcro
258 2633 369 2686 statum
386 2629 571 2684 considerare
586 2625 812 2697 debemusquad
823 2626 912 2682 inter·
928 2652 951 2717 B
968 2625 1106 2683 miseriis.
1123 2627 1178 2695 Qui
1194 2628 1279 2700 quasi
1296 2629 1349 2685 llos
1365 2631 1513 2703 egreditur
1528 2638 1557 2688 et
1581 2634 1753 2704 conteritur,
1764 2640 1793 2691 et

92 2721 231 2793 ponitur:
247 2721 280 2776 Et
288 2720 389 2790 jugum
404 2734 491 2788 praere
503 2733 589 2790 caper
610 2716 683 2788 litiae
701 2714 797 2772 Adam.
822 2712 914 2770 Grave
968 2715 1043 2788 fugit
1056 2715 1137 2771 velut
1151 2718 1275 2786 pmbra,
1301 2723 1329 2774 ct
1348 2736 1501 2792 nunquam
1526 2722 1555 2777 in
1578 2723 1680 2779 eodem
1710 2728 1790 2780 statu

50 2848 54 2853 -
91 2808 211 2881 quidem
227 2812 273 2864 eet
288 2808 317 2862 in
328 2808 475 2877 ingressu,
488 2805 606 2878 gravius
623 2809 670 2860 eet
691 2802 721 2859 in
746 2818 913 2877 progressu,
966 2809 1118 2877 permanet
1132 2805 1191 2875 (tot
1205 2807 1273 2878 ιιι.)
1291 2829 1302 2856 ι
1318 2807 1398 2863 'Palis
1413 2824 1481 2880 ergo
1500 2809 1600 2878 iactus
1624 2817 1667 2868 eet
1691 2811 1791 2870 homo.

90 2896 297 2972 gravissimum
309 2892 913 2968 inegreseum.Meritoergollebatetdice·
1002 2892 1057 2949 Sed
1074 2892 1172 2950 audite
1186 2896 1262 2965 quod
1280 2894 1368 2951 iaciat
1382 2896 1490 2954 homo:
1508 2920 1522 2949 a
1544 2899 1722 2971 Gloriantur,
1747 2903 1792 2958 in·

46 3054 49 3059 θ
91 2985 344 3058 batprophetaza
367 2983 461 3047 Quare
482 2982 518 3039 de
540 2981 626 3038 vulva
650 2982 753 3038 matris
777 2996 914 3053 egressus
966 2982 1118 3054 quit,cum
1136 2982 1346 3053 malefecerint,
1361 2989 1389 3042 et
1403 2986 1552 3043 exsultant
1567 2988 1596 3044 in
1615 2991 1704 3046 rebus
1727 3008 1792 3062 pee-

11 3074 14 3079 '
90 3090 168 3147 cum,
180 3078 213 3131 ut
227 3073 354 3130 viderem
370 3071 499 3128 laborem
515 3075 544 3127 et
557 3069 699 3138 dolorem,
715 3074 743 3126 et
759 3084 914 3127 connume-
966 3070 1050 3127 eimie
1064 3071 1157 3143 (Pron.
1175 3074 1216 3144 ιι).
1233 3093 1248 3124 n
1260 3078 1415 3146 Propterea
1425 3076 1548 3132 tradidit
1567 3076 1719 3135 illocDeue
1737 3081 1792 3136 ein

91 3163 232 3221 renturin
244 3161 416 3220 confusione
428 3160 602 3216 diecmeit·
619 3159 684 3232 (ter.
694 3159 914 3231 xx.)Formatue
966 3162 1122 3233 reprobum
1139 3178 1271 3234 censam,
1289 3167 1321 3219 ut
1336 3164 1444 3221 iaciant
1458 3181 1492 3222 en
1516 3181 1580 3238 quar
1602 3183 1660 3223 non
1683 3184 1790 3226 conve·

9 3248 16 3273 ²
90 3256 135 3309 est
150 3253 229 3309 enim
245 3252 333 3309 homo
348 3251 384 3307 de
400 3254 488 3320 terra,
504 3255 663 3322 conceptue
674 3249 703 3305 in
718 3247 814 3320 culpa,
826 3252 914 3304 natue
965 3248 1058 3319 uiant,
1077 3271 1091 3300 n
1108 3267 1165 3307 aon
1177 3250 1347 3324 expediunt,
1362 3275 1377 3303 a
1394 3254 1609 3327 repletosomni
1620 3256 1789 3329 iniquitate,

35 3334 38 3345 '
91 3343 126 3399 ad
143 3356 270 3416 paenam.
286 3340 353 3414 Agit
376 3356 475 3412 prave,
498 3353 562 3411 qua
588 3355 644 3396 uon
668 3337 780 3407 licent;
805 3337 912 3409 turpia,
966 3338 1091 3407 malitia,
1107 3338 1306 3409 fornicatione,
1318 3342 1451 3412 aventio,
1464 3345 1606 3417 nequitia,
1619 3346 1790 3420 ceterisque

90 3448 155 3505 qare
172 3448 229 3488 non
241 3431 345 3488 decent
361 3448 368 3498 ;
384 3447 469 3498 vana,
490 3446 555 3503 qua
581 3445 638 3486 nan
664 3428 843 3502 expediunt3
865 3427 915 3484 llet
964 3427 1045 3484 vitiis
1060 3434 1088 3485 et
1103 3429 1229 3504 peccatis
1245 3430 1332 3503 (Rom.
1350 3435 1390 3503 11),
1409 3456 1420 3483 ι
1438 3449 1502 3506 quae
1516 3432 1626 3491 Paulae
1634 3442 1789 3495 enumerat

90 3519 174 3578 cibus
189 3520 278 3594 ignia,
293 3535 360 3577 ceca
374 3518 492 3586 vermis,
519 3534 618 3574 massa
641 3517 818 3591 putredinis.
843 3517 914 3572 llcce
966 3516 1002 3573 ad
1025 3516 1182 3576 Romanoa.
1206 3542 1220 3570 a
1244 3518 1353 3577 Videas
1370 3520 1471 3594 itaque
1492 3521 1569 3579 Deus
1592 3525 1670 3595 quod
1697 3524 1791 3582 multa

9 3652 12 3659 .
90 3626 181 3683 quam
198 3626 283 3679 orave
297 3611 393 3680 lupum
408 3614 539 3664 creatum
558 3612 603 3664 est
620 3623 703 3679 super
725 3607 796 3677 filios
817 3606 913 3672 Adam,
967 3605 1240 3664 matitiahominum
1256 3609 1378 3665 oscetin
1395 3613 1482 3678 terra,
1498 3616 1527 3667 et
1549 3616 1657 3668 cuncta
1678 3614 1790 3688 cogita·

90 3698 168 3755 adit
181 3697 313 3754 exiturde
328 3705 419 3753 uentre
435 3698 534 3753 metris
554 3712 659 3762 corum,
688 3712 772 3767 acque
795 3697 825 3752 in
839 3696 915 3752 diem
965 3694 1113 3752 tiocordie
1126 3695 1240 3753 intenta
1255 3703 1333 3753 esset
1345 3700 1380 3755 ad
1404 3700 1515 3755 melum
1542 3700 1623 3756 omni
1647 3705 1790 3775 tempore,

88 3788 246 3860 sepultura
261 3788 291 3841 in
303 3795 418 3842 matrem
431 3787 566 3841 omnium.
580 3786 728 3857 Exponam
739 3785 768 3840 id
785 3784 913 3857 planius,
966 3783 1104 3856 poenituit
1118 3801 1184 3840 eum
1197 3787 1275 3857 quod
1292 3785 1442 3844 homiuem
1460 3787 1576 3845 iecisset
1591 3789 1619 3845 in
1642 3796 1730 3860 terra,
1746 3797 1804 3865 ter

90 3877 250 3936 edisseram
260 3876 289 3932 id
305 3875 431 3949 plenius,
447 3876 605 3932 ostendens
621 3875 729 3946 dequo
752 3875 845 3932 lactus
870 3881 915 3932 eet
956 3877 1090 3945 ‘utusque
1105 3873 1205 3931 dolore
1220 3876 1316 3932 cordis
1331 3876 1510 3934 intrinsetufl
1526 3897 1532 3934 1
1552 3879 1667 3945 celeno,
1684 3880 1792 3953 inquil,

89 3964 188 4033 hamc,
205 3963 276 4037 quid
288 3963 374 4021 iaciat
388 3964 487 4033 homo,
507 3962 576 4035 quid
602 3964 717 4021 iuturus
747 3964 787 4020 nit
800 3964 911 4035 {homa
967 3958 1117 4018 hominem
1134 3978 1222 4034 quem
1238 3964 1331 4021 creavi
1348 3964 1426 4036 (Gen.
1442 3969 1491 4036 vr).
1511 3967 1608 4024 »Ecce
1627 3968 1697 4039 quid
1722 3969 1793 4027 iecit

3 4052 6 4059 '
92 4054 399 4112 Formatushomode
420 4052 548 4125 pulvere,
574 4054 609 4110 de
632 4053 704 4121 luto,
733 4054 770 4110 de
796 4054 910 4111 cinere:
968 4047 1067 4109 homo.

1 4143 4 4156 '
90 4143 228 4217 quodque
239 4141 327 4200 viliue
341 4146 396 4212 eet,
412 4142 447 4199 de
457 4140 651 4215 spurcissimo
675 4143 787 4199 nemine
808 4160 912 4200 conco·
1002 4145 1057 4201 Sed
1074 4142 1173 4199 audite
1188 4143 1257 4216 quid
1279 4143 1331 4199 tlat
1346 4158 1353 4198 ι
1371 4164 1385 4193 ι
1408 4143 1517 4210 Exibit,
1539 4144 1645 4217 inquit,
1667 4147 1792 4219 spirituc

19 4394 27 4409 ,
92 4326 155 4379 tore
170 4321 292 4379 luxuria
310 4338 317 4377 :
334 4321 471 4393 quodque
486 4320 614 4377 deteriae
629 4325 682 4389 cst,
707 4320 736 4376 in
761 4320 826 4378 labe
850 4337 914 4394 pec·
967 4323 1067 4379 ribuat
1083 4337 1186 4378 carnes
1201 4320 1392 4393 cogitationes
1404 4336 1504 4378 eorum
1521 4322 1607 4390 (Prot.
1623 4324 1716 4395 cxcv.)
1733 4346 1747 4374 o
1758 4356 1793 4365 -

2 4468 15 4483 ¹,
89 4411 173 4468 cati:
203 4415 291 4466 natus
320 4409 357 4465 ad
385 4409 525 4475 laborem,
552 4410 688 4466 timorem
717 4413 746 4466 et
773 4409 912 4479 dolorem,
967 4434 981 4463 a
1000 4411 1120 4467 Aulercs
1136 4409 1272 4482 spiritum
1288 4424 1389 4466 eornm
1406 4414 1436 4465 et
1450 4410 1596 4480 deficient,
1612 4411 1681 4468 etia
1695 4413 1793 4486 pulve-

91 4501 230 4575 quodque
245 4499 383 4556 miseriae
398 4502 453 4565 eet,
466 4498 500 4554 ad
515 4499 837 4573 mortomdgitprava,
849 4501 913 4573 qui·
968 4517 1029 4557 rem
1072 4515 1159 4555 suum
1189 4502 1371 4554 revertentur
1395 4499 1481 4571 (Psoi.
1511 4500 1582 4571 cra).
1607 4522 1672 4550 o-
1694 4523 1708 4552 a
1737 4502 1794 4568 Qui

3 4626 6 4631 -
90 4588 148 4647 bue
173 4588 294 4645 attendit
316 4592 418 4657 Deum,
442 4587 564 4644 attondit
591 4590 768 4660 proximum,
794 4590 917 4646 offendit
967 4587 1050 4659 quasi
1068 4588 1191 4658 putredo
1205 4586 1488 4651 commendandi,
1503 4589 1623 4660 etquaei
1633 4589 1793 4645 vestimen·

91 4695 123 4737 ec
133 4679 242 4751 ipsam.
253 4675 319 4750 Agit
332 4677 440 4750 turpia,
451 4677 670 4750 quibuepoltuit
682 4679 800 4749 tarnum,
810 4678 916 4751 polluit
967 4682 1030 4732 turn
1047 4677 1125 4748 quod
1143 4674 1307 4730 comeditur
1318 4674 1422 4732 alinea
1433 4676 1502 4747 (toi.
1514 4675 1586 4749 ιιιι).
1605 4696 1662 4727 »—
1676 4701 1690 4728 a
1702 4680 1793 4736 ttomo

90 4784 258 4842 pereanem,
270 4765 374 4839 polluit
389 4766 609 4823 conscientiam.
626 4766 694 4839 Agit
704 4783 789 4828 vana.
805 4767 914 4840 quibus
969 4766 1103 4838 putredo,
1121 4763 1199 4818 illiue
1213 4763 1343 4820 hominia
1358 4763 1466 4820 vermis
1483 4765 1539 4833 (toi
1550 4765 1626 4838 xxv),
1642 4789 1655 4815 υ
1666 4767 1795 4825 vindicta

91 4856 310 4932 negligitneria,
332 4854 439 4927 quibus
464 4854 586 4929 negligit
604 4854 699 4925 alitia,
718 4855 841 4929 negligit
862 4872 913 4912 ne·
968 4853 1066 4911 cornis
1090 4852 1185 4924 impii,
1209 4852 1316 4910 vermis
1338 4858 1368 4909 et
1396 4853 1483 4925 ignis.
1504 4878 1517 4903 a
1536 4853 1663 4922 Vermie,
1686 4856 1794 4930 inquit,

90 4946 228 5003 cessaria.
247 4946 310 5002 Fiet
325 4945 410 5001 cibus
430 4943 517 5017 ignis,
533 4944 583 5017 qui
596 4960 712 5015 semper
725 4942 821 4999 uritet
833 4944 915 4999 ardet
968 4960 1069 5000 corum
1086 4960 1144 4998 non
1161 4942 1303 4998 morietur
1314 4946 1342 4998 et
1356 4941 1433 5013 ignie
1449 4959 1549 4998 eorum
1560 4959 1616 5000 non
1627 4945 1794 5020 exstingue-

11 5056 16 5063 ·
90 5035 343 5108 inexstinguibilia
357 5055 367 5103 ;
382 5051 448 5091 ecca
461 5034 577 5094 vermis.
590 5031 640 5105 qui
655 5049 771 5104 semper
794 5033 872 5088 radit
886 5036 915 5089 et
967 5035 1017 5088 tur
1031 5034 1098 5104 (tra.
1116 5033 1198 5104 cxvr).
1218 5054 1232 5081 n
1249 5032 1310 5087 Et«
1323 5030 1405 5087 dabit
1429 5031 1570 5088 Dominae
1593 5032 1671 5089 Deus
1694 5033 1792 5108 ignem

90 5126 217 5183 comedit
227 5122 423 5190 immortalis;
436 5120 715 5194 maesaputredinie,
725 5137 788 5193 quae
799 5137 915 5195 semper
969 5127 997 5178 et
1012 5138 1126 5177 vermes
1142 5121 1172 5175 in
1188 5136 1290 5177 carnes
1302 5135 1415 5188 eorum,
1431 5124 1462 5175 ut
1475 5125 1598 5177 urantur
1611 5126 1640 5176 et
1664 5125 1794 5181 sentiant

91 5214 161 5270 fetet
174 5224 202 5268 et
217 5210 486 5270 cardethorribilie.
501 5210 529 5264 Si
542 5208 614 5265 mihi
625 5226 683 5266 non
698 5209 827 5279 creditis,
840 5210 915 5268 Scri·
968 5226 1064 5282 aeque
1080 5209 1110 5265 iu
1133 5207 1345 5281 sempiternum
1370 5208 1469 5280 (tudio.
1488 5209 1558 5282 ιιι).
1585 5232 1599 5260 »
1624 5209 1697 5268 Vere
1724 5227 1793 5285 ergo

91 5307 185 5377 ptura
199 5301 336 5358 credatis.
348 5323 362 5351 a
380 5299 539 5365 Formavit,
554 5296 662 5369 inquit,
679 5298 822 5356 Dominus
837 5300 914 5358 Deus
968 5296 1114 5369 occupatio
1130 5313 1232 5369 nicona
1249 5300 1342 5353 aecta
1362 5301 1401 5352 eet
1425 5298 1551 5354 omnious
1576 5298 1744 5370 hominibus,
1768 5305 1795 5359 ct

91 5391 239 5449 hominem
256 5390 377 5446 delimo
393 5397 473 5446 terra
490 5387 564 5460 (Gen.
582 5389 635 5456 ιιι).
659 5408 674 5438 a
692 5389 813 5461 Propter
835 5390 912 5462 quod
931 5393 955 5460 Ι)
967 5389 1068 5462 jupam
1083 5403 1166 5456 praue
1179 5403 1264 5459 cuper
1276 5385 1349 5456 filios
1365 5385 1458 5441 Adam.
1476 5385 1555 5443 Beati
1567 5393 1664 5443 tamen
1687 5388 1794 5459 quioc-

91 5483 156 5554 ipne
171 5479 242 5535 dicit
254 5479 290 5533 ad
307 5483 396 5533 Deum
416 5477 823 5549 :«Memento,quareo,quod
838 5477 916 5534 sicat
971 5477 1160 5549 cupanturin
1185 5476 1281 5544 bonis,
1305 5475 1430 5547 quiade
1451 5475 1536 5532 bonie
1558 5476 1730 5534 transibunt
1755 5480 1792 5536 ad

90 5569 190 5627 lutum
217 5565 323 5626 leceris
340 5581 397 5635 me,
417 5565 482 5623 etia
507 5563 656 5639 pulverem
679 5565 799 5622 reducee
827 5582 883 5624 me.
900 5588 915 5616 ι»
970 5565 1092 5639 optima.
1109 5563 1208 5622 Miseri
1222 5581 1291 5621 vero
1307 5564 1356 5636 qui
1368 5570 1550 5637 occupantur
1564 5566 1593 5621 in
1610 5565 1709 5636 malin,
1723 5567 1794 5641 quia
