3796 5986
59 229 133 289 1049
439 231 628 291 Dobssfflli'l'-
649 234 688 292 m
705 233 757 292 vn
775 234 940 293 miculos
958 234 1161 291 ememus.
1184 261 1218 275 -
1236 231 1337 289 rest.
1357 231 1406 287 IV.
1704 218 1775 278 ¹05⁰

58 360 122 415 tur.
138 356 212 416 Nam
228 357 373 431 ejusmodi
390 357 466 415 bone
481 360 597 433 culpam
610 359 774 428 mortalem,
789 363 817 417 et
834 376 891 432 pos·
906 360 933 429 Α
947 359 1032 427 bunt,
1049 360 1128 431 quod
1143 359 1320 416 subsecutus
1345 360 1391 412 est
1406 351 1569 427 justitiam,
1595 353 1624 409 et
1638 351 1777 424 sequitur

59 465 131 505 nem
146 447 518 522 aggravantgebeonelem.
531 451 734 521 propterquod
749 451 889 506 Dominus
945 449 1116 517 bonitatem,
1131 448 1259 521 Spiritus
1275 445 1369 503 sancti
1384 445 1509 520 gratiam
1524 441 1663 498 videnlur
1684 442 1712 497 in
1739 456 1773 498 eo

60 537 120 596 sit:
136 538 178 595 tae
189 538 268 594 nobis
279 536 456 610 teqisperitis,
467 540 516 610 qrri
524 540 630 595 tulistis
639 541 743 596 clunem
753 538 889 607 scientis,
945 537 1089 610 persequi,
1107 542 1136 592 et
1151 537 1193 593 sio
1209 536 1238 592 in
1249 535 1391 607 Spiritum
1404 538 1538 589 sanctum
1555 530 1774 603 quodammodo

57 629 114 701 ipsi
127 644 183 684 non
198 626 347 697 introistis,
357 632 384 682 et
400 643 443 683 eoa
457 630 507 698 qni
521 627 688 696 introibant,
708 627 890 700 prohibuistis
944 644 1073 701 peccare.
1090 626 1240 683 Noverunt
1255 626 1309 680 boo
1332 622 1387 693 illi,
1412 623 1460 695 qui
1487 619 1644 677 arbitrium
1669 618 1775 690 preele-
1853 654 1859 665 ι

60 723 138 786 (bno.
151 716 203 788 xi).
220 717 308 783 Quasi
323 716 432 772 diceret
447 733 454 771 τ
469 718 510 773 Ex
524 718 577 773 boc
607 717 689 773 vobis
713 719 769 774 erit
795 735 846 788 ve,
860 718 889 775 id
944 721 1014 773 runt
1028 717 1138 790 gratie,
1156 715 1226 789 quia
1241 715 1405 772 secundum
1420 711 1606 785 Prophetem,
1618 707 1774 779 nonJusti·

58 810 106 863 est
130 810 232 860 aterna
255 804 417 870 damnetis,
438 806 515 877 quod
533 805 643 862 clavem
664 806 802 875 scientio,
825 824 889 879 qnos
944 805 985 862 tia
999 807 1135 879 sequitur
1151 805 1311 869 bominem,
1327 804 1377 858 sed
1396 802 1484 857 bomo
1497 799 1667 872 justitium:
1692 798 1771 870 quod

58 910 112 968 per
127 911 159 948 se
170 894 246 950 bons
262 897 315 963 est,
333 910 383 949 vos
400 893 476 948 mele
493 894 612 951 tulistis.
628 894 693 951 Haec
708 902 804 952 autem
827 912 888 952 ma·
944 896 1038 969 gretia
1054 896 1103 951 Dei
1121 894 1271 968 provenit,
1287 899 1320 950 ut
1335 894 1411 949 bone
1422 891 1552 965 operatio
1562 888 1773 958 subsequetur.

55 983 103 1058 gis
121 983 305 1049 disserendo,
322 999 411 1055 quam
423 984 583 1039 asserendo
599 989 669 1040 sunt
687 985 773 1041 diota.
795 985 887 1051 Unde,
978 986 1017 1040 Ne
1028 985 1205 1057 derelinquas
1220 1000 1271 1051 me,
1286 982 1397 1039 Domine
1413 983 1484 1037 Dens
1498 995 1586 1047 mens,
1603 992 1638 1034 ne
1665 978 1768 1034 disces·

55 1071 353 1148 quiametsriasatis
377 1077 420 1127 est
436 1071 639 1144 disputabilis,
655 1074 814 1129 auctoritas
829 1091 887 1129 non
942 1077 1012 1131 seris
1030 1093 1050 1130 a
1074 1091 1126 1130 mc.
1151 1074 1265 1131 Intende
1287 1073 1315 1128 in
1341 1072 1504 1140 adiutorem
1526 1084 1629 1129 meam,
1658 1065 1773 1122 Domine

56 1161 224 1235 prejudioit
238 1161 355 1217 rationi.
370 1161 521 1226 Quomodo
542 1161 621 1219 enim
637 1163 763 1220 odibunt
776 1167 805 1218 et
824 1163 888 1218 bla—
944 1165 1121 1221 Denssnlatis
1135 1179 1214 1222 meae.

55 1250 255 1324 ephemebunt
266 1249 402 1306 homines
418 1250 510 1306 Deum
531 1251 560 1306 in
575 1250 686 1316 luluro,
702 1252 725 1307 si
742 1252 886 1324 quemad·
980 1254 1089 1309 Ultima
1104 1270 1182 1322 pars,
1198 1253 1227 1308 in
1244 1268 1303 1326 qua
1319 1250 1464 1327 poenitens
1479 1248 1610 1304 divinum
1633 1244 1773 1319 implorat

58 1339 177 1396 modum
193 1338 337 1412 seriptum
352 1344 407 1407 est,
424 1340 521 1397 dicent
536 1340 615 1396 intra
637 1357 668 1397 se
684 1342 887 1414 poenitentium
943 1342 1097 1408 auxilium,
1110 1360 1145 1398 ne
1157 1344 1232 1398 inter
1241 1335 1770 1412 totelteotosterseoutoresdeliciet,

58 1433 190 1502 egentes,
207 1434 234 1483 et
252 1446 311 1501 prm
326 1428 464 1501 augustia
477 1429 599 1501 spiritus
616 1435 767 1503 gementes
781 1448 788 1486 ε
801 1433 888 1486 Erro·
943 1438 1045 1505 petens
1055 1449 1086 1488 ss
1102 1450 1157 1489 noo
1167 1430 1263 1488 solum
1275 1430 1411 1501 relinqui,
1421 1423 1770 1496 verumetiamadJuvan.

58 1519 179 1574 oimnsn
200 1518 246 1574 oin
267 1520 401 1583 oontotir,
422 1527 448 1575 et
467 1518 589 1591 iustitie
610 1520 702 1576 tumen
730 1536 787 1576 non
817 1522 889 1577 trusit
942 1520 1276 1592 Deueenimduplioiter
1287 1519 1436 1577 bominem
1448 1515 1627 1589 derelinquit
1637 1518 1666 1571 et
1676 1514 1771 1570 disce·

57 1600 280 1659 nobistlnssnti
292 1617 387 1657 sumas
398 1601 429 1656 in
446 1603 490 1658 oio
501 1602 660 1675 iniqnitatis
674 1608 700 1659 et
710 1603 887 1674 perditionis,
943 1612 986 1666 dit
999 1612 1035 1667 sb
1052 1610 1121 1667 illo:
1138 1610 1255 1681 quando
1271 1608 1423 1665 subtrahit
1436 1607 1461 1663 si
1484 1605 1696 1668 defensionem,
1719 1603 1771 1658 de·

58 1697 86 1749 θ’
101 1691 304 1748 ambulavimus
325 1694 384 1748 ”²¹⁰³
398 1690 542 1763 difficile&
562 1694 637 1749 ”istm
660 1697 754 1750 notem
777 1693 889 1750 Domini
944 1701 1067 1756 serendo
1081 1699 1165 1756 illum
1181 1700 1217 1754 ad
1233 1714 1363 1773 pionem,
1376 1695 1583 1770 propterquod
1595 1694 1656 1750 uit:
1672 1693 1711 1750 Ne
1723 1691 1770 1748 de·

58 1781 260 1851 lustravimus·
288 1781 365 1855 Quid
378 1783 486 1853 proluit
504 1783 582 1838 nobis
600 1782 739 1853 snperbia,
752 1785 801 1837 ont
813 1772 889 1839 droi-
943 1788 1090 1863 relinquas
1105 1805 1159 1856 me,
1179 1788 1299 1844 Domine
1312 1790 1380 1843 Dens
1392 1802 1470 1843 mens
1480 1783 1642 1856 thuaodo
1653 1781 1770 1838 subtre-

55 1871 163 1927 liornm
177 1871 318 1940 iactantia
332 1870 826 1944 qnidcontrstrlnoln's?Transierant
840 1872 892 1929 illo
943 1877 1024 1935 bitei
1048 1879 1185 1949 gratiam,
1207 1877 1346 1933 deserens
1370 1873 1504 1930 illumin
1530 1871 1626 1943 culpe,
1652 1871 1772 1943 propter

55 1967 188 2031 tanquam
202 1959 316 2027 umbro,
331 1964 357 2016 et
373 1963 504 2031 tanquam
515 1963 631 2017 nuntius
653 1976 848 2032 praecurrens:
865 1967 890 2019 et
942 1968 1019 2039 quod
1036 1967 1152 2023 subdit:
1170 1967 1207 2022 lte
1219 1966 1360 2022 dicesseris
1373 1981 1393 2020 a
1407 1979 1460 2020 me.
1477 1962 1572 2018 Primo
1588 1959 1685 2015 modo.
1714 1962 1772 2012 Pe·

54 2058 191 2121 tanquam
212 2064 291 2104 nouis
315 2064 374 2120 qnae
397 2048 555 2120 pertransit
569 2052 748 2121 fluctuantem
761 2070 864 2125 nquam
879 2071 889 2109 .·
942 2061 986 2112 ter
1002 2056 1105 2112 Filium
1122 2055 1281 2128 dereliquit
1291 2054 1321 2109 in
1334 2070 1430 2119 eruce,
1441 2049 1665 2108 undsclemavit
1678 2064 1684 2104 :
1698 2048 1767 2103 Desss

55 2139 146 2208 enias,
162 2153 226 2194 cnm
239 2139 421 2209 preterieris,
446 2148 556 2195 nonest
580 2142 725 2209 uestipiam
751 2143 888 2210 triverim,
941 2148 1013 2203 Deae
1031 2163 1117 2209 mon,
1133 2147 1230 2218 etquid
1240 2142 1414 2216 dereliquisti
1432 2158 1475 2197 me
1490 2146 1502 2198 t
1515 2140 1602 2211 (Prot.
1628 2138 1696 2207 ιιι).
1722 2136 1768 2192 sio

55 2244 145 2302 neque
158 2229 288 2285 semitam
302 2231 411 2286 corinae
435 2230 514 2286 illius
535 2231 566 2286 in
587 2232 735 2302 fluctibns:
760 2240 809 2289 ont
830 2233 889 2288 ouis
942 2237 1020 2293 Deus
1035 2235 1118 2291 illum
1129 2234 1288 2306 aliquando
1299 2231 1488 2303 derelinquit,
1501 2247 1518 2285 s
1533 2245 1590 2299 quo
1600 2228 1664 2299 ipse
1680 2226 1767 2281 mini·

58 2337 121 2394 qooe
135 2317 287 2375 troneolvot
297 2319 326 2374 t'n
339 2335 417 2384 aere,
428 2319 506 2390 cnjus
518 2320 629 2375 nullam
646 2320 790 2376 inuenitur
803 2339 889 2391 orpu-
942 2342 989 2381 ms
1003 2324 1226 2396 derelinquitur.
1245 2322 1316 2378 Nam
1330 2321 1449 2376 relictus
1463 2320 1519 2375 Job
1532 2320 1568 2373 ad
1579 2331 1705 2389 pienum,
1722 2315 1767 2370 iu·

58 2413 184 2465 mentum
198 2409 310 2464 itineris
330 2408 419 2476 illins,
443 2408 490 2464 sed
515 2416 625 2465 tontum
643 2409 751 2466 sonitus
779 2412 889 2468 oloritm
942 2414 1107 2470 nocentiam
1124 2429 1181 2468 nou
1197 2411 1324 2484 reliquit.
1342 2409 1475 2465 Secundo
1491 2407 1577 2462 modo
1588 2402 1769 2475 derelinquit

58 2498 209 2555 ”emm
220 2497 305 2554 lilim
319 2506 430 2553 mmm
443 2514 452 2553 ·'
465 2505 491 2553 θ’
504 2498 633 2554 ‘05²²th
647 2514 697 2566 ner
707 2500 763 2555 uim
775 2503 889 2560 itineris
942 2504 1087 2560 Dominus
1102 2506 1278 2573 pensionem,
1295 2500 1372 2555 siout
1387 2497 1495 2570 legitur
1510 2496 1546 2551 de
1556 2493 1654 2559 Senis,
1667 2491 1718 2563 qui
1730 2490 1768 2547 ti-

58 2605 163 2659 oemm,
185 2589 327 2645 commotis
337 2588 392 2644 atis
404 2588 598 2653 transnatavit,
619 2598 645 2645 et
667 2597 731 2658 post
752 2590 801 2647 boc
822 2592 888 2649 nal·
942 2588 1327 2660 mebetDavidem,eoquod
1340 2587 1646 2643 Dominusessetcum
1657 2584 1768 2646 eo,ete

63 2681 122 2736 tam
140 2677 252 2751 sionem
266 2679 409 2734 inuenitur
418 2679 530 2734 itineris
544 2679 632 2744 illins,
647 2684 715 2744 eto..
731 2696 779 2736 nos
796 2690 889 2738 nutem
942 2696 973 2737 so
985 2681 1156 2736 recessisset
1171 2680 1193 2750 (l
1209 2679 1269 2748 lieo.
1295 2679 1375 2743 svn).
1392 2673 1439 2730 Sic
1455 2672 1598 2730 Dominus
1625 2671 1691 2727 illos
1719 2685 1769 2725 so·

63 2768 95 2826 in
110 2769 287 2836 motipnitote
305 2771 400 2822 nostro
415 2766 571 2839 consumpti
584 2783 679 2824 semus
690 2768 767 2841 (Sap.
793 2770 831 2842 v).
858 2772 888 2827 Si
942 2768 1093 2826 lummodo
1105 2767 1223 2834 deserit,
1239 2766 1291 2837 qui
1310 2766 1450 2822 deserunt
1466 2763 1575 2834 ipsum.
1592 2761 1633 2817 De
1657 2759 1769 2831 quibus
1856 2806 1859 2811 .

63 2874 134 2930 ergo
150 2858 186 2913 de
200 2857 266 2913 odio
293 2861 322 2912 et
344 2856 380 2911 de
400 2855 585 2928 blasphemia
600 2858 793 2930 poenitebunt,
813 2859 890 2917 siout
941 2858 1067 2932 legitur:
1094 2857 1305 2930 Deretiqnerunt
1328 2869 1429 2910 uenam
1449 2867 1588 2923 nonenim
1615 2848 1767 2906 uiuentium

61 2950 99 3007 de
109 2946 253 3019 lactentia
265 2950 294 3003 et
309 2946 493 3018 malignitate
501 2946 641 3019 paenitere
652 2949 800 3016 dicuntur,
813 2967 888 3022 qno·
941 2947 1089 3005 Dominam
1113 2949 1177 3019 (ter.
1198 2945 1277 3017 xvir).
1294 2947 1403 3000 Verum
1433 2942 1577 3014 quosdam
1592 2936 1771 3010 derelinquit

62 3038 151 3096 modo
164 3040 233 3092 tuno
245 3036 369 3093 odibunt
379 3042 408 3093 et
418 3035 668 3109 blasphemabunt
679 3038 864 3096 altissimum
879 3043 891 3097 l
945 3043 1021 3095 Deus
1035 3038 1070 3093 ad
1088 3042 1216 3108 tempus,
1232 3035 1330 3091 uude:
1347 3037 1379 3089 ln
1393 3032 1500 3088 mastico
1509 3029 1646 3100 dereliqui
1658 3030 1695 3083 te.
1706 3025 1768 3082 Att-

64 3126 120 3183 Sed
137 3132 255 3197 propter
264 3125 454 3182 acerbitatem
468 3142 558 3197 poeue
568 3126 795 3198 penitebuntde
812 3104 925 3185 maloC
945 3145 1020 3202 quos
1035 3131 1134 3184 erilem
1150 3122 1370 3195 derelinquitis
1389 3125 1573 3194 perpetuum,
1585 3116 1663 3174 unde
1674 3115 1770 3173 :mres

64 3215 225 3290 preterito,
250 3232 308 3288 quo
332 3220 446 3272 tentem
470 3231 584 3287 poeuem
610 3215 759 3273 incurrere
796 3235 890 3275 meru·
943 3233 1021 3274 meos
1034 3214 1145 3273 recessit
1160 3232 1177 3270 a
1191 3222 1216 3271 te
1230 3216 1295 3280 (iso.
1314 3212 1380 3283 mv).
1397 3211 1515 3282 Ergone
1528 3206 1703 3278 derelinquas
1716 3220 1770 3274 me,

63 3310 161 3364 erunt.
183 3304 246 3361 Nou
272 3309 370 3361 tamen
385 3304 570 3376 poenitebunt
585 3306 620 3361 de
637 3305 699 3362 solo
714 3311 783 3362 tunc
812 3307 889 3364 malo
945 3306 995 3379 qui
1010 3307 1046 3361 ab
1062 3305 1202 3361 omnibus
1215 3301 1384 3366 derelictus,
1400 3299 1452 3355 tibi
1468 3297 1522 3354 soli
1545 3313 1612 3353 sum
1628 3294 1770 3362 relietue;

64 3393 213 3467 presenti,
228 3409 287 3466 quo
301 3393 505 3449 vehementius
517 3393 607 3450 Deum
620 3399 739 3465 propter
749 3396 890 3452 aoerbite·
946 3412 982 3452 ue
997 3396 1073 3451 inter
1088 3392 1303 3466 persecutiones
1318 3396 1372 3453 tot,
1400 3394 1429 3444 el
1452 3392 1550 3443 tantos
1569 3387 1772 3457 persecutores

66 3488 129 3541 tem
145 3498 233 3555 poene
257 3482 392 3550 odibunt,
409 3498 476 3537 cum
492 3483 529 3538 sb
543 3497 577 3538 eo
599 3480 713 3539 nullum
730 3485 890 3542 remedium
946 3484 1091 3552 deliniam,
1104 3485 1252 3553 nesspost
1263 3479 1408 3535 indultam
1420 3476 1492 3532 mibi
1503 3476 1630 3540 veniam,
1642 3471 1771 3529 testea-

68 3576 233 3645 expectent.
256 3571 338 3636 Ouod
363 3575 461 3626 autem
487 3586 538 3642 pro
559 3570 645 3628 molis
679 3573 891 3646 temporalibus
946 3565 1632 3644 demquoniamsioutpostconvaleseentiam
1654 3561 1771 3629 pravior

70 3665 146 3721 Deus
160 3666 300 3734 perpetua
312 3660 390 3717 male
401 3660 548 3729 retribuit,
559 3678 618 3718 uon
629 3662 709 3719 estai
722 3664 758 3718 ad
772 3664 893 3735 injusti·
946 3667 992 3720 est
1006 3661 1145 3729 recidiva,
1162 3659 1204 3716 sio
1220 3663 1249 3715 et
1264 3662 1330 3729 post
1340 3655 1457 3713 veniam
1467 3654 1583 3727 gravior
1594 3651 1770 3709 estoliense.

67 3752 140 3809 tiens
156 3752 360 3824 deputandum
372 3768 379 3817 ;
392 3750 533 3823 quoniam
543 3756 572 3807 st
586 3751 612 3807 si
624 3752 800 3824 temporalis
810 3759 892 3826 sunt,
945 3751 1068 3819 Quodsi
1084 3766 1130 3806 me
1147 3747 1341 3820 dereliqueris
1363 3746 1398 3801 ed
1415 3746 1530 3814 boram,
1555 3757 1613 3798 non
1633 3745 1732 3796 tamen
1754 3755 1772 3794 a

69 3841 259 3913 quantumed
271 3839 890 3913 ectumquitransit,perpetuaeuuttamen,
946 3838 1155 3897 medistesseris
1169 3838 1199 3893 in
1215 3841 1402 3908 perpetuum.
1418 3833 1469 3888 ssd
1500 3827 1721 3904 potiusintende
1740 3829 1772 3884 in

69 3936 214 4005 quantum
230 3930 266 3985 ad
283 3935 396 3986 reatum
412 3929 460 4000 qui
477 3934 617 3996 remensi,
634 3935 663 3986 et
686 3938 830 4002 quantum
854 3934 891 3989 ad
945 3931 1115 3999 adiutorium
1130 3942 1231 3987 meum.
1253 3925 1288 3980 ad
1309 3923 1496 3980 liberandum
1511 3927 1542 3976 et
1556 3917 1771 3992 protegendum

68 4018 254 4092 odiumquod
271 4019 419 4090 perduret.
436 4018 472 4072 ut
487 4018 551 4074 ideo
566 4018 642 4074 Deus
652 4021 735 4090 juste
751 4021 836 4093 punit
851 4039 893 4079 re·
947 4035 1003 4085 me,
1022 4020 1136 4075 Domine
1156 4017 1227 4072 Dens
1240 4014 1321 4070 dator
1334 4018 1364 4069 et
1377 4015 1565 4068 conservator
1577 4010 1675 4065 solatis
1689 4019 1772 4076 meae,

68 4109 176 4182 probos
191 4108 220 4163 in
237 4111 423 4179 perpetuum,
447 4107 518 4178 quie
538 4111 693 4178 perpetuos
717 4125 767 4165 eos
783 4112 893 4167 invenit
947 4114 979 4165 ut
994 4124 1080 4181 quem
1092 4104 1280 4173 adjuverisin
1294 4103 1440 4172 presenti.
1456 4100 1550 4155 salves
1561 4099 1648 4153 etiam
1662 4096 1692 4150 in
1704 4111 1773 4168 per·

70 4199 216 4264 inimicos,
230 4212 304 4268 quos
320 4201 348 4250 et
362 4195 425 4267 ipse
432 4197 513 4266 juste
525 4195 553 4250 in
569 4212 624 4252 suo
637 4197 743 4268 punire
766 4199 893 4256 decrevit
946 4203 1080 4269 potuum,
1097 4194 1261 4251 llxultativa
1276 4183 1774 4259 couolusio,eliorumposnitentie·

69 4285 355 4352 esterno,deumeuru
365 4283 892 4358 injusteoffenderepraesumpserunt.
946 4285 1019 4341 lium
1029 4301 1109 4341 more
1120 4280 1372 4351 Psalmorum‚qui
1388 4293 1503 4349 semper
1517 4276 1546 4332 in
1559 4274 1660 4332 letitie
1668 4271 1774 4330 termi-

69 4376 147 4432 Licet
166 4383 264 4429 autem
291 4389 394 4429 omnes
417 4373 671 4439 deiramorestint
698 4375 813 4432 odibiles
841 4379 893 4435 Deo
948 4379 1067 4432 uantur.

69 4465 157 4537 (lton
171 4466 202 4530 ι),
218 4461 260 4517 illi
274 4466 384 4533 tamen,
401 4461 452 4534 qui
479 4467 616 4535 proptera
639 4464 779 4536 cuiquem
800 4466 896 4522 detra·
911 4477 933 4541 ῃ
975 4457 980 4464 ’

69 4775 106 4833 In
149 4770 305 4830 Psotmrsm
347 4776 487 4849 quartam
526 4768 765 4849 poenitentiolam
806 4770 979 4833 elucidatio.
1013 4768 1129 4831 Titulus
1155 4776 1255 4830 cirtem
1285 4763 1372 4837 lajas
1396 4760 1512 4841 psalmi
1540 4760 1612 4821 talis
1639 4767 1703 4820 est:
1738 4760 1775 4819 In

109 4851 203 4912 linem
232 4848 378 4910 Psalmus
407 4849 605 4917 David,euru
636 4851 720 4912 venit
748 4850 788 4911 ad
814 4870 886 4913 eum
902 4852 1026 4914 Netban
1058 4849 1225 4931 propbeta,
1243 4845 1372 4928 qnando
1400 4841 1588 4904 intravitad
1609 4837 1778 4901 Bersabee.

111 4965 150 4978 -
169 4929 269 4990 litati
279 4928 409 5001 eiusdem
423 4928 597 5010 explieots'o.

103 5225 219 5286 Titulus
234 5227 289 5283 iste
309 5229 387 5299 petat
402 5242 435 5283 ex
451 5227 604 5285 notissime
618 5226 743 5285 historia
767 5230 889 5287 secundi
944 5231 1007 5289 suis
1023 5230 1157 5304 portibus
1172 5224 1340 5302 aggregatis
1356 5223 1432 5280 duos
1447 5216 1601 5277 constituit
1626 5212 1777 5281 denarios,

69 5315 140 5373 libri
158 5331 259 5389 regum
275 5317 346 5389 (cop.
376 5316 440 5388 sn).
456 5316 511 5372 Sed
528 5316 600 5375 illud
627 5323 672 5374 eet
695 5318 824 5375 studiose
845 5336 897 5376 no·
951 5322 1001 5395 qui
1018 5319 1165 5392 triplicem
1180 5312 1445 5385 transgressionem
1461 5307 1635 5381 designent:
1652 5320 1686 5362 eo
1697 5305 1777 5376 quod

70 5407 206 5473 tandeim,
222 5406 299 5478 quod
317 5404 450 5477 psalmus
466 5405 519 5462 lete
543 5405 573 5462 in
588 5407 692 5464 ordine
711 5408 896 5467 Psalmornm
948 5408 1133 5467 undenarius
1146 5405 1321 5479 Decelogum
1332 5402 1452 5476 quidem
1464 5397 1536 5473 legis
1546 5394 1738 5464 transcendit,
1747 5399 1778 5452 et

69 5492 400 5569 estquinquapesimus,
417 5498 446 5550 et
462 5494 563 5567 viginti
579 5497 707 5554 continet
722 5514 834 5554 versus.
845 5497 895 5555 Vi·
950 5502 983 5554 aul
1000 5497 1215 5556 duodenarium
1235 5492 1429 5568 apostolieum
1452 5505 1509 5544 uon
1523 5484 1673 5560 pertingit.
1684 5483 1773 5541 Devid

69 5586 205 5646 senarius
220 5588 317 5642 autem
334 5584 577 5657 superabundans
592 5590 637 5644 est
650 5603 803 5657 numerus,
818 5591 846 5644 et
861 5604 896 5647 ex
949 5588 1027 5646 enim
1042 5588 1121 5646 buno
1137 5588 1285 5663 psalmum
1295 5577 1567 5656 propterduplicem
1579 5571 1775 5649 trangressio·
