3796 5986
83 235 140 293 3⁸3
738 220 1137 281 ianocanrninrirar.
1753 211 1803 268 ⁸⁸⁴

86 359 155 418 bibit
168 359 192 432 (1
202 359 266 415 t'or.
281 357 330 430 iii).
349 353 675 428 ldeaqucjuiitavecem
687 348 821 421 ejusdem
834 349 909 418 Apo·
924 346 952 415 Α
964 341 1105 416 miscente
1115 340 1430 415 apuubeumprrqaem
1440 339 1623 412 omuiotactc
1637 337 1800 410 euntquod-

85 449 154 507 stoli
166 466 173 505 :
187 447 285 504 Probet
297 446 420 518 seipsum
436 443 527 514 tomo,
544 450 571 497 ct
590 443 629 496 aie
643 440 676 495 ds
698 454 771 512 poue
784 437 834 493 itte
850 435 911 491 citat
967 446 1024 503 que
1042 447 1105 488 core
1125 433 1295 503 factumest,
1311 438 1338 486 et
1350 428 1490 486 tiabitoae't
1506 430 1540 485 in
1557 428 1648 486 nobie
1664 427 1760 500 (loca.
1774 428 1799 496 it.

84 538 154 596 etde
167 538 254 593 catice
270 536 344 592 bibat
360 534 452 608 (ibid.)
464 534 571 605 Ingens
586 530 686 602 itaque
701 526 786 584 nobis
797 525 912 581 videtur
966 521 1037 578 Nam
1053 520 1125 576 illud
1145 519 1265 592 quidem
1284 519 1446 589 ruminare,
1458 517 1580 576 medela
1595 515 1738 575 salubris
1752 522 1798 585 ast,

84 608 280 687 i·elindieitur
291 625 366 681 bene
382 622 499 681 vivendi
512 618 728 686 necessitas,nc
740 631 848 688 corpus
858 612 913 670 Do·
965 627 1050 683 super
1061 611 1145 666 metet
1154 605 1798 684 serrumtl‘sut.xviii),dulcisfaucibusanima

84 717 158 774 mini
173 715 218 772 vel
234 715 354 786 indigna
374 712 521 769 sumendo
536 724 689 766 sumamus
705 704 851 778 judicium
867 701 913 758 vel
967 695 1798 778 diligentis.Sedlantuscibusvaldepaucorum‚ctsolioa

86 821 202 863 sumere
218 804 360 861 cessande
376 800 573 858 nibilominus
594 798 782 853 incurramus
798 791 911 865 pericu·
966 789 1074 845 mentis
1085 787 1237 860 pabulum,
1249 796 1385 861 quotane
1400 789 1499 844 anima
1517 786 1711 862 plenissime
1721 785 1798 842 satia·

87 894 162 951 lum.
173 894 345 950 Necessario
356 891 462 964 quippe
478 889 642 945 sumendus
656 891 702 943 est
717 891 831 957 Agnus,
847 886 880 938 ut
895 896 913 938 a
967 877 1127 948 bitur,cum
1142 879 1268 934 Verbum
1279 878 1375 949 ipsum
1385 877 1533 935 inaeterne
1544 876 1701 934 felicitate
1710 882 1798 949 gusta·

92 987 225 1041 vastante
238 981 606 1055 angeloprotcgnrnur,nec
617 976 694 1032 exire
706 987 864 1047 possumus
877 971 912 1026 de
966 966 1118 1024 bitAtille
1129 967 1178 1040 qui
1187 983 1294 1040 corpus
1305 966 1468 1041 assumpsit
1478 965 1713 1030 etenimam.ut
1722 983 1799 1022 sana·

88 1076 210 1146 AEgypto
227 1071 284 1128 nisi
310 1070 483 1127 celebrando
509 1068 600 1140 pbase
619 1063 787 1139 paschalem
803 1075 912 1134 agnum
967 1061 1049 1114 rotet
1062 1057 1353 1130 animametcorpus,
1365 1056 1587 1132 pigmentasua
1597 1056 1799 1131 providacba·

88 1163 211 1220 mamus
225 1160 323 1234 (Exeat.
337 1159 398 1220 iiii).
415 1157 525 1214 Dixerit
535 1172 604 1229 ergo
620 1153 765 1228 quispiam
779 1166 912 1208 conimu·
967 1149 1064 1206 nitatis
1078 1152 1140 1205 arte
1151 1149 1328 1221 composuit,
1347 1149 1457 1222 quibus
1473 1146 1659 1222 letargicam
1678 1152 1800 1204 mentem

88 1252 248 1310 nicandnm
262 1245 673 1322 essequotidie‚dixeritoliue
692 1241 913 1316 quotidianum·
968 1238 1068 1311 egroti
1083 1242 1222 1296 renovata
1240 1238 1370 1311 quotidie
1385 1255 1445 1296 sue
1458 1238 1567 1296 salutis
1578 1253 1801 1295 commemora·

57 1328 61 1337 ¹
87 1342 302 1399 municaudum
318 1356 377 1396 nen
391 1353 467 1406 esse,
487 1336 538 1393 siat
556 1334 760 1406 unusquisque
775 1330 852 1402 quod
868 1328 915 1401 pie
969 1331 1047 1386 tione
1063 1327 1241 1401 percelleret,
1253 1332 1283 1385 et
1292 1327 1471 1400 edentulam,
1482 1328 1511 1385 id
1522 1333 1571 1385 est
1580 1329 1656 1386 sine
1667 1326 1803 1384 dentibus

88 1430 246 1490 crediderit
256 1429 435 1487 laciendum.
447 1427 510 1483 Non
527 1425 606 1482 enim
617 1423 805 1495 litigaverunt
816 1418 850 1475 ad
870 1419 914 1473 ia·
969 1417 1084 1492 plebem
1101 1422 1176 1489 (qua
1196 1417 1318 1474 verbum
1329 1417 1486 1490 antiquum
1502 1422 1531 1473 et
1545 1421 1705 1474 aeternum
1721 1417 1801 1489 prin·

88 1521 192 1591 vicem,
204 1535 258 1577 nec
275 1519 348 1575 alter
367 1517 450 1574 alteri
473 1532 504 1573 se
518 1511 676 1587 preposuit
686 1510 823 1567 Zachaeus
839 1508 914 1580 (Luc.
969 1507 1091 1580 cipium,
1103 1506 1187 1579 quasi
1198 1506 1327 1564 solidum
1349 1507 1448 1564 cibum
1471 1506 1630 1564 ruminare
1646 1523 1713 1564 nori
1729 1510 1804 1579 pote-

88 1609 160 1682 xix),
174 1613 202 1666 et
213 1608 262 1665 ille
277 1606 408 1664 centurio
424 1621 491 1661 cuin
516 1603 590 1659 alter
613 1616 714 1658 eorum
735 1599 867 1671 gaudens
884 1596 915 1652 in
970 1598 1027 1670 rat)
1042 1597 1096 1654 boc
1108 1595 1280 1652 dulcissimo
1294 1597 1425 1654 confecto
1440 1596 1607 1669 liquamine
1624 1596 1661 1652 iri
1677 1595 1768 1669 panis
1781 1602 1805 1652 et

91 1701 177 1757 darno
191 1714 246 1756 sua
261 1697 412 1753 Christum
428 1693 547 1766 recepit,
571 1695 599 1747 ct
618 1690 691 1747 alter
706 1704 806 1745 eorum
822 1686 913 1744 dixit:
969 1687 1230 1760 vini-'sacramento
1246 1686 1454 1744 consuefacere
1468 1685 1639 1744 sorbillare.

91 1788 215 1862 Domine,
225 1803 281 1844 riou
295 1786 470 1855 numatianus
484 1787 514 1839 ut
529 1782 618 1838 intres
631 1779 682 1837 eut
704 1783 806 1835 tectum
820 1793 913 1834 meum
1260 1803 1379 1860 CAPUT
1399 1802 1495 1860 XLIV,

91 1879 208 1952 (narrt.
227 1878 289 1950 vu).
306 1875 380 1932 liudi
395 1873 465 1947 quid
482 1888 571 1945 super
586 1871 640 1927 boc
655 1869 762 1927 sentiat
774 1866 912 1937 Augusti·
1139 1895 1177 1950 De
1185 1893 1302 1951 dmm-3
1316 1895 1409 1951 must-3
1424 1892 1621 1951 imm-m

91 1984 149 2024 iius
161 1984 168 2024 ε
181 1989 196 2018 a
209 1965 353 2036 Quotidie,
366 1962 472 2035 inquit,
483 1960 680 2018 eucharistum
701 1958 840 2031 recipere,
862 1972 913 2012 nec
1003 1991 1109 2064 sapien

91 2056 180 2114 laude
200 2071 253 2111 nec
275 2053 418 2126 vitupero,
436 2051 576 2109 omnibus
589 2049 695 2106 diebus
708 2052 806 2104 tamen
818 2045 916 2102 Domi·

10 2146 14 2153 ’
90 2145 167 2203 uicis
178 2145 289 2201 bertar.
301 2142 329 2199 Si
339 2148 439 2199 tamen
451 2157 535 2197 mens
549 2139 579 2195 iri
596 2139 699 2195 allecto
713 2134 916 2210 peccandiest,

90 2234 205 2308 gravari
217 2232 313 2305 magis
332 2232 396 2288 dico
413 2229 598 2287 eucharistia
615 2226 813 2301 persentiens,
827 2241 915 2297 quam

91 2321 252 2399 purificari.
268 2322 302 2377 Et
316 2321 385 2378 licet
402 2320 468 2394 quis
492 2322 609 2392 peccato
635 2317 814 2386 mordeatur,
831 2315 856 2370 si
872 2318 916 2370 ta·

91 2429 158 2471 men
169 2411 307 2485 peccandi
323 2412 358 2466 de
370 2414 473 2466 catere
485 2426 543 2466 non
557 2407 664 2463 habeat
678 2405 872 2473 voluntatem,
888 2407 917 2460 et

92 2499 253 2560 satisfaciat
264 2499 402 2573 lacrymis
413 2508 440 2553 ot
452 2496 635 2554 erationibus
645 2510 769 2551 securus
785 2494 915 2550 accedat.

1110 1990 1151 2047 tia
1165 1991 1290 2063 Dei,qua
1300 2007 1352 2064 per
1361 1990 1490 2047 visibilia
1501 1990 1801 2064 manifestat,volens

968 2082 1366 2154 evidenterostenderequod
1382 2082 1447 2154 ipsa
1461 2082 1545 2140 cibus
1561 2087 1607 2141 est
1622 2085 1801 2142 animarum

968 2171 1045 2243 quod
1071 2188 1189 2227 carnem
1213 2175 1397 2243 assumptam
1423 2172 1576 2244 proposuit
1604 2172 1636 2229 iii
1655 2174 1802 2245 edulium,

968 2264 1002 2316 ut
1016 2277 1068 2333 per
1082 2261 1181 2316 cibum
1198 2260 1395 2318 humanitatis
1410 2261 1548 2319 invitaret
1559 2263 1595 2319 ad
1608 2269 1741 2336 gustum
1759 2265 1801 2321 di·

968 2349 1109 2417 vinitatis,
1125 2350 1160 2407 de
1176 2367 1233 2422 quo
1256 2351 1326 2406 dicit
1349 2350 1487 2409 Psalinita
1504 2369 1512 2408 τ
1527 2356 1645 2410 aurate
1661 2363 1690 2411 et
1715 2354 1804 2413 uidete

969 2440 1208 2513 quoniamsuouis
1235 2445 1273 2497 eet
1301 2442 1434 2498 Dominus
1447 2441 1535 2516 (Prot.
1556 2444 1662 2516 xxxii).
1694 2445 1804 2502 'Potum

91 2592 146 2649 Sed
162 2590 218 2647 hoc
229 2590 264 2646 de
277 2587 327 2646 illo
340 2588 455 2662 loquar,
473 2603 561 2661 quem
576 2583 713 2642 mortalia
726 2587 843 2657 peccata
858 2599 916 2639 non
968 2547 1037 2677 ΞΓΕΫ
1050 2530 1185 2632 Qus
1199 2546 1231 2586 ⁸⁰
1246 2529 1364 2631 exhibet
1387 2530 1472 2634 mm.
1491 2530 1527 2633 ,in
1542 2531 1657 2634 ci.bum’
1675 2540 1710 2591 ut
1725 2534 1803 2592 ⁸5⁰⁰*

990 2624 1122 2677 iviaitete
1137 2636 1190 2676 nos
1205 2620 1309 2689 reiicit,
1325 2636 1415 2693 quam
1427 2621 1619 2693 spiritualiter
1635 2628 1803 2696 gustamus

92 2683 369 2781 gravantqcautnm
384 2682 431 2734 est
445 2676 523 2778 enim
539 2676 569 2731 iu
584 2690 707 2741 canone,
723 2673 800 2746 quod
817 2673 841 2774 ei
859 2690 916 2728 non
969 2711 1066 2777 corde,
1083 2711 1124 2766 im
1138 2725 1192 2766 nos
1207 2709 1390 2768 humanitate
1415 2710 1537 2781 „efioiag'
1553 2728 1642 2784 quam
1657 2729 1801 2789 mmm,

93 2771 280 2843 frequentius
292 2766 916 2828 saltemtcrinuunoomuescommnnicent,
969 2797 1036 2854 mer
1048 2813 1097 2854 ore
1112 2796 1306 2863 comedimus,
1324 2803 1356 2854 u,
1380 2798 1422 2854 ita
1447 2798 1483 2854 de
1506 2798 1679 2858 visibilibus
1696 2803 1732 2858 ad
1751 2804 1800 2860 in·

94 2859 173 2932 quod
199 2856 303 2914 nolunt
328 2855 535 2912 ecclesiasticis
560 2869 658 2911 carcre
682 2851 845 2908 luminibus
862 2866 868 2907 :
887 2850 916 2906 iii
968 2886 1108 2956 visibilia,
1124 2887 1160 2942 de
1184 2887 1397 2959 temporalibus
1412 2889 1449 2944 ,d
1472 2894 1592 2958 mem,
1614 2891 1653 2947 de
1670 2894 1799 2950 mmai,

94 2947 219 3015 P⁸⁸0h⁸2
237 2946 414 3012 Ρθῦῐθθθθῑθι
431 2949 460 3000 02
474 2943 581 3003 lei·
600 2964 615 2994 »
970 2978 1006 3032 ad
1023 2975 1161 3045 caelestia,
1173 2975 1209 3032 de
1224 2974 1364 3032 humanis
1382 2977 1419 3032 ad
1439 2976 1603 3037 diviuanos
1624 2980 1800 3040 transierat.

386 3059 501 3160 CbPU‘l*
520 3058 614 3115 libili.
776 3145 782 3157 ἢ
897 3147 902 3158 .
931 3096 952 3166 c
972 3068 1025 3138 Epo
1039 3082 1110 3133 eum,
1128 3065 1326 3138 inquit,puuie
1340 3068 1420 3123 uiuere
1435 3068 1485 3141 qui
1507 3069 1541 3126 de
1567 3071 1631 3128 coete
1655 3071 1802 3130 women

93 3152 385 3224 Quodaoerumenlum
400 3149 555 3204 attererent
574 3150 797 3205 commemoratae
819 3148 915 3203 mortu
972 3158 1063 3227 (soen.
1080 3154 1129 3228 vi);
1145 3171 1211 3211 ecce
1240 3155 1323 3212 cibus
1353 3156 1516 3216 divinitatIs
1531 3175 1538 3217 z
1554 3160 1588 3216 Et
1610 3163 1697 3234 parii'a
1718 3179 1802 3235 quera

449 3219 561 3276 Christi.
970 3262 1018 3316 epe
1033 3245 1111 3314 doto,
1127 3259 1190 3301 curo
1215 3261 1276 3301 rasa
1303 3252 1362 3309 eat:
1386 3262 1454 3304 ecce
1478 3249 1561 3306 cibus
1587 3249 1802 3309 humanitatis.

129 3344 160 3398 lu
173 3342 230 3397 mei
245 3339 408 3396 memorium
418 3336 546 3410 sociatis.
564 3336 596 3392 ln
608 3335 663 3393 lioo
678 3338 916 3392 sacramentono·
971 3333 1059 3391 Panis
1074 3333 1165 3406 igitur
1179 3333 1350 3407 angelorum
1367 3335 1462 3393 lactus
1475 3342 1521 3394 est
1541 3338 1626 3396 cibus
1640 3338 1802 3399 hominurn

92 3432 138 3489 bis
150 3429 281 3504 quotidie
293 3427 397 3485 mortis
408 3424 518 3484 Christi
529 3425 847 3500 nicuioriareaovatur,
863 3423 918 3479 sic·
971 3423 1047 3498 (Sap.
1064 3424 1134 3495 avi),
1159 3424 1322 3479 secundum
1352 3423 1424 3481 illud
1449 3426 1653 3501 propheticum
1671 3445 1679 3487 :
1696 3433 1804 3487 Pasiam

92 3525 126 3577 ut
147 3518 306 3594 Apostolus
330 3516 518 3588 determinat,
544 3515 644 3572 dicens
668 3531 675 3571 :
700 3514 918 3586 Quotiescunque
971 3513 1135 3583 cunctorum
1164 3513 1343 3570 manducauit
1370 3514 1448 3571 honio
1476 3518 1561 3587 (Psot.
1577 3519 1698 3593 mxvii).
1720 3522 1802 3588 Qua-

93 3609 333 3668 moaducaueritts
360 3623 460 3680 ponem
486 3606 570 3675 tuae,
601 3611 628 3662 et
652 3604 778 3661 biberitis
792 3604 917 3675 euticem,
972 3606 1059 3659 tenus
1075 3601 1127 3675 qui
1141 3603 1305 3659 secundum
1317 3604 1447 3660 animam
1459 3604 1558 3663 cibum
1574 3606 1743 3666 divinitatis
1756 3626 1803 3667 ae·

95 3707 210 3755 mertem
237 3695 350 3752 domiui
373 3695 581 3752 aiariuutr'obi‘tia
607 3695 691 3751 doure
710 3693 805 3749 ueniat
818 3693 840 3764 (l
853 3692 917 3749 Cor.
973 3692 1112 3765 cipimus,
1126 3693 1215 3748 etiam
1230 3693 1394 3750 secundum
1409 3710 1526 3752 carnem
1542 3696 1640 3753 cibum
1656 3697 1802 3757 bument-

9 3788 12 3795 '
95 3787 152 3861 xi).
171 3786 289 3858 Propter
299 3784 445 3857 qnodipse
457 3783 588 3840 discebat
596 3781 753 3855 apostolis:
764 3786 823 3839 Hoc
835 3783 919 3853 [acite
972 3782 1043 3838 tatis
1057 3797 1223 3850 sumamus,
1240 3782 1381 3853 quoniam
1398 3784 1476 3840 sicut
1490 3785 1589 3841 anima
1603 3787 1762 3848 rationalis
1774 3796 1803 3848 et

96 3878 127 3934 in
141 3891 231 3932 meniu
257 3874 541 3930 commemorationem
566 3872 642 3944 (buc.
658 3871 739 3941 iiiiii).
756 3876 838 3926 Hanc
854 3869 919 3925 ulti·
974 3887 1041 3928 caro
1058 3886 1135 3926 unus
1151 3875 1196 3927 est
1211 3871 1310 3942 bomo,
1336 3873 1377 3929 ita
1403 3872 1482 3930 Deus
1498 3879 1527 3931 et
1551 3875 1639 3934 honio
1659 3893 1742 3937 unus
1757 3886 1804 3938 est

97 3963 236 4022 mamsui
261 3963 433 4019 memoriam
464 3961 606 4018 Dominus
638 3961 723 4016 nobis
752 3959 921 4034 dereliquit,
973 3960 1551 4036 Christus.litquiabemopergustum
1565 3969 1803 4027 merteminour·

95 4052 347 4129 quemadmodum
363 4051 447 4123 siqui
464 4066 585 4123 peregre
601 4049 789 4124 proficiscens
799 4048 919 4121 aliquod
974 4049 1023 4121 rit,
1048 4066 1100 4122 per
1113 4054 1233 4123 gustum
1250 4066 1369 4123 quoque
1384 4052 1474 4109 vitam
1496 4055 1633 4129 acquirit,
1650 4063 1803 4131 quatenns

95 4145 204 4219 pignus
216 4142 241 4199 ei
258 4157 345 4215 quein
362 4140 457 4213 diligit
473 4140 706 4214 derelinquat,ut
722 4139 837 4212 quoties
849 4144 920 4197 tuoe
974 4139 1052 4196 unde
1067 4156 1146 4196 mors
1162 4140 1310 4197 oriebatur
1327 4140 1396 4198 inde
1410 4141 1470 4199 vita
1485 4151 1662 4219 resurgeret.
1680 4148 1802 4208 Dictum

94 4234 167 4291 illud
179 4231 338 4306 aspexerit,
354 4230 450 4304 ipsius
460 4231 564 4288 debeat
578 4229 725 4286 amicitias
749 4230 919 4302 memorari,
974 4233 1019 4286 est
1033 4229 1141 4303 quippe
1155 4230 1192 4286 de
1206 4229 1257 4287 illo
1273 4246 1279 4285 :
1299 4231 1467 4305 Qucauuque
1483 4233 1528 4291 die
1542 4236 1803 4310 commutantem

94 4322 236 4396 quoniam
247 4321 273 4377 is
289 4320 314 4376 si
330 4318 606 4392 pertoetedilexerit‚
623 4320 736 4392 absque
747 4335 854 4393 magno
867 4320 919 4376 lle·
973 4321 1101 4376 morieris
1116 4318 1193 4392 (Gen.
1210 4319 1252 4393 iil.
1274 4320 1389 4376 Dicitur
1414 4326 1512 4379 autern
1536 4325 1571 4382 de
1586 4325 1640 4381 isto
1657 4328 1715 4384 :Si
1739 4333 1802 4401 quie

1 4442 4 4451 ·
94 4415 126 4467 tu
142 4409 187 4466 vel
198 4408 343 4466 desiderio
360 4407 461 4481 nequit
476 4408 546 4464 illud
564 4409 704 4482 aspicere.
717 4409 843 4482 ideoque
865 4409 920 4466 boc
973 4409 1226 4466 manducarentur
1240 4411 1289 4464 tuoe
1302 4426 1388 4482 purae,
1412 4410 1484 4469 uiuet
1500 4414 1531 4470 iu
1545 4420 1683 4472 aeternum
1700 4418 1801 4492 (eona.

95 4500 227 4557 Salvator
243 4496 374 4554 instituit
400 4507 628 4566 sacramentum,
652 4504 684 4555 ut
704 4500 776 4571 quia
799 4502 920 4556 venerat
935 4473 1023 4570 Dri).
1036 4498 1123 4555 Cibus
1138 4497 1187 4553 ille
1202 4498 1336 4556 mortalis
1360 4501 1503 4573 pependit
1516 4502 1547 4560 in
1562 4502 1641 4576 ligno
1665 4507 1799 4566 scienti,

95 4588 159 4660 ejus
174 4586 246 4643 bere
260 4603 319 4658 qua
334 4585 369 4641 de
386 4587 496 4642 mundo
518 4588 638 4643 trusiret
652 4589 688 4644 ad
706 4588 832 4657 Patrem,
849 4588 919 4661 quia
973 4588 1043 4645 boui
1057 4593 1087 4644 et
1100 4586 1191 4659 mali;
1207 4588 1291 4646 cibus
1311 4588 1367 4646 iste
1392 4590 1491 4648 vitalis
1506 4593 1646 4665 pependit
1660 4596 1689 4652 iu
1716 4596 1799 4672 ligno

94 4692 196 4735 rerum
212 4679 275 4732 erat
289 4675 366 4747 quod
384 4674 499 4731 dicebat
515 4675 656 4746 apostolis
671 4694 678 4732 :
696 4678 753 4746 Quo
771 4694 817 4751 eqo
837 4678 916 4749 uodo,
973 4676 1049 4746 vitae,
1065 4677 1143 4749 quod
1159 4680 1204 4734 est
1217 4678 1248 4734 iu
1263 4678 1358 4735 medio
1373 4679 1513 4751 paradisi.
1531 4681 1797 4760 llludluitliguum

94 4782 208 4825 noanon
237 4765 350 4837 potentia
377 4766 473 4821 venire
501 4765 589 4837 (teate.
606 4766 680 4838 iiiii).
698 4767 770 4825 Nam
790 4768 919 4838 ettPetro
973 4766 1165 4823 inobedentia
1194 4767 1231 4824 ad
1258 4767 1337 4840 quod
1366 4767 1454 4826 bomo
1474 4786 1581 4828 manus
1606 4776 1749 4845 extendit,
1765 4783 1801 4835 ut

95 4856 205 4914 dicenti
222 4872 228 4910 :
245 4854 361 4911 Domine
386 4868 437 4927 quo
461 4854 561 4910 vedu?
585 4855 769 4929 Respondit:
787 4856 843 4926 Quo
867 4872 918 4926 epo
972 4855 1055 4912 iteret
1070 4857 1146 4914 sicut
1161 4857 1246 4929 Deus,
1258 4859 1345 4930 juxta
1357 4859 1433 4931 quod
1447 4858 1490 4915 illi
1506 4877 1628 4937 serpens
1652 4867 1800 4938 promtu.

93 4946 172 5012 uode.
188 4961 230 5003 are
244 4945 322 5020 aequi
349 4959 405 5000 acu
416 4952 493 5016 poree
507 4943 609 5016 (tuidi.
625 4944 843 5017 competentem
859 4944 918 5002 illie
973 4950 1019 5001 rat
1034 4962 1041 5001 r
1058 4947 1144 5004 Eritis
1158 4949 1231 5005 sicut
1244 4946 1297 5019 dii,
1307 4946 1424 5004 seieater
1440 4948 1539 5006 bouum
1555 4956 1581 5008 et
1596 4953 1704 5012 motum
1718 4955 1799 5026 (Gara.

93 5036 293 5093 hereditatem
310 5032 508 5106 proscribens,
520 5032 665 5090 visibilem
682 5035 728 5090 sui
744 5034 918 5092 memoriam
973 5034 1015 5108 iii)
1029 5055 1036 5105 ;
1050 5036 1129 5092 istud
1145 5041 1243 5094 autem
1259 5036 1373 5110 lignum
1399 5042 1445 5094 est
1470 5040 1656 5113 obedientia,
1678 5043 1710 5101 iii
1741 5062 1801 5119 qno

93 5125 326 5183 commendarat.
343 5124 407 5193 llec,
423 5121 532 5194 inquit,
547 5123 631 5194 [acite
645 5123 675 5178 iu
690 5140 780 5179 mecm
798 5140 918 5182 comme·
972 5130 1050 5182 Deus
1080 5142 1187 5183 manus
1202 5126 1342 5196 extendit,
1362 5130 1391 5183 et
1412 5127 1507 5186 iactus
1530 5140 1574 5186 eat
1598 5131 1801 5206 humaturus

91 5216 289 5270 metationem.
305 5211 369 5267 Non
384 5211 462 5266 enim
482 5208 821 5283 solum‚scripturarum
839 5229 918 5269 eom·
972 5213 1049 5285 qued
1065 5213 1136 5271 dicit
1149 5214 1307 5287 Apostolus
1323 5233 1330 5272 ε
1346 5217 1510 5275 &inaurivit
1523 5225 1709 5294 seouttpaum,
1738 5229 1799 5298 sor-

93 5303 337 5358 memorationem
354 5299 917 5373 adbocsulficerejudicobat,qniletar·
971 5318 1046 5358 marn
1060 5306 1136 5377 serpi
1149 5303 1288 5377 accipiens
1303 5306 1334 5361 iu
1347 5306 1566 5366 similitudinem
1589 5311 1738 5370 bominum
1750 5319 1799 5388 fa-

94 5391 191 5464 glcuin
206 5392 326 5447 venerat
354 5391 497 5461 egrotum
523 5404 638 5445 sanare.
661 5389 775 5453 Quanta
790 5407 918 5462 namque
971 5394 1193 5463 riuaeruaenu
1220 5392 1345 5451 iuuentus
1370 5400 1401 5453 ut
1429 5397 1528 5462 tomo:
1553 5404 1644 5472 tuctur
1669 5403 1800 5466 ababuc

94 5497 164 5555 pars
179 5478 270 5536 nostri
297 5477 378 5550 capit
391 5477 462 5534 illud
479 5478 557 5550 quod
573 5476 602 5534 iii
619 5478 774 5552 Evangelio
797 5479 917 5552 optimis
972 5498 1056 5556 usquc
1069 5483 1106 5539 ud
1119 5492 1242 5554 mertem,
1258 5488 1374 5542 mortem
1387 5494 1479 5545 autem
1502 5489 1592 5547 mucis
1620 5492 1737 5566 (Ptitip.
1751 5504 1795 5565 ιι).

95 5567 256 5644 unguentis
272 5568 394 5641 tragrat,
405 5568 571 5628 antidotum
582 5567 876 5642 Verbum‚qaaderat
886 5571 917 5628 ia
972 5571 1009 5632 Ut
1023 5587 1092 5648 ergo
1107 5589 1194 5633 suam
1209 5588 1282 5656 erga
1296 5589 1350 5635 nos
1375 5575 1550 5641 charitatem
1571 5582 1750 5656 renodaret,
1766 5591 1797 5647 et
