3796 5986
21 252 25 261 ¹
113 294 116 299 .
160 247 215 305 ott
599 243 809 344 rameru
828 241 868 299 111
888 244 990 300 aare
1009 242 1202 302 saumones
1218 245 1431 308 couuouas.
1824 250 1890 310 aa

160 382 263 438 sancte
283 374 427 433 Dominus
452 373 512 430 eit:
537 395 552 423 «
575 371 785 447 Negotiemini,
809 372 879 429 dum
900 370 983 428 venio
998 370 1026 438 Α
1041 369 1117 428 Sunt
1130 375 1229 430 temen
1244 373 1335 448 aliqui
1358 376 1527 451 Christiani,
1538 377 1616 436 sicut
1627 377 1688 452 lpei
1700 380 1868 455 frequenta

160 468 235 540 (luc.
246 466 316 538 ιιι).
328 487 342 516 «
355 464 428 520 Hinc
443 467 489 519 est
502 462 592 518 etiem
608 462 686 532 quod
697 462 786 519 bomo
804 460 853 517 ille
864 476 984 533 peregre
1040 459 1217 529 audivimus,
1235 466 1264 519 et
1278 463 1488 535 intelleximus,
1504 467 1554 540 qui
1571 469 1770 537 margaritam
1781 471 1868 529 scien.

158 555 358 630 proficiscens,
374 550 474 609 diuisit
488 550 580 608 sorvis
596 551 659 608 suis
673 552 759 608 bona.
776 551 812 607 Dt
834 550 883 606 alii
904 549 985 606 dedit
1037 548 1094 618 tia,
1111 566 1168 606 non
1184 551 1220 606 ad
1236 552 1367 609 veritatis
1382 554 1593 626 defensionem,
1609 557 1662 614 sed
1678 559 1718 614 ad
1732 558 1866 620 falsitatis

157 645 289 718 quinque
299 642 419 708 talenta,
428 641 476 697 elii
489 645 587 697 eutem
599 639 726 711 duo,elii
737 657 806 696 voro
815 656 918 696 unum.
928 638 982 707 Qui
1037 638 1228 696 assertionem
1239 638 1377 714 allegant,
1395 646 1427 699 ut
1442 660 1494 716 pro
1506 647 1665 720 margarita
1674 664 1814 705 mercam
1825 651 1867 722 [ot

156 733 288 808 quinque
302 731 413 788 talenta
434 734 597 803 acceperat,
612 728 834 802 superlucratus
858 733 904 785 eet
925 727 984 785 alie
1037 726 1137 799 vitam]
1166 728 1322 801 accipient,
1353 731 1388 787 de
1417 733 1527 804 quihus
1557 734 1656 808 inquit
1682 736 1867 798 Psalmiste:

157 824 358 897 quiuquaoui
368 824 465 877 autem
478 820 694 891 duoeccepcrat
705 817 926 889 superlucratus
938 834 983 888 est
1039 817 1262 873 «Narrnvaruut
1277 819 1348 876 mihi
1363 820 1458 893 iniqui
1475 822 1681 892 tabulationes,
1695 826 1752 882 sed
1766 843 1824 884 noo
1839 834 1866 885 nt

69 934 74 943 ·
157 912 215 969 elia
236 912 294 968 duc
318 909 434 985 (uarro.
454 907 530 979 xxv).
546 907 718 979 Cuiusmodi
743 907 857 963 luorum
886 906 982 962 domi·
1037 904 1769 986 lextua,Domine(Pecl.cxv111).»margaritam
1796 932 1864 991 quo,

158 1017 216 1056 nus
240 999 357 1056 rediens
381 996 615 1052 commendavit:
632 1018 646 1046 «
662 995 752 1069 Euge,
777 994 883 1066 inquil,
899 1009 982 1050 serve
1036 997 1203 1070 quegratia
1216 996 1289 1055 mele
1299 1000 1404 1071 querit
1414 1000 1601 1074 ambitiosus,
1613 1003 1688 1061 bene
1700 1008 1812 1078 quaerit
1823 1009 1865 1066 de

157 1086 575 1160 boneetlldelis,superpance
586 1084 667 1140 luisti
680 1083 982 1157 tidelis,eupramulta
1035 1089 1129 1142 votus.
1140 1085 1192 1144 lile
1206 1087 1312 1158 quaerit
1321 1104 1373 1161 per
1388 1088 1585 1148 Simoniecam
1602 1093 1798 1164 pravitatem,
1811 1097 1861 1156 ista

155 1181 184 1235 te
196 1175 476 1235 constituam:intra
488 1173 516 1229 in
528 1172 668 1247 gaudium
683 1173 796 1230 domini
805 1172 847 1228 tui
859 1172 981 1245 (illd-i.»
1036 1191 1087 1248 psr
1096 1174 1270 1233 catholicam
1284 1178 1559 1257 puritatem3ilient
1568 1181 1704 1240 iraudom
1716 1191 1861 1255 exeram,

156 1269 211 1337 Qui
224 1284 294 1324 vero
309 1264 462 1339 pecuniam
479 1268 628 1335 acceptam
643 1262 747 1336 ligavit
761 1262 791 1318 in
808 1262 939 1332 sudario,
953 1265 982 1318 et
1034 1263 1089 1319 iste
1104 1266 1138 1320 ut
1151 1262 1268 1320 laudem
1285 1265 1433 1336 perficiet;
1452 1265 1501 1324 ille
1516 1269 1600 1325 audit
1625 1286 1694 1327 oum
1722 1274 1865 1332 Simone:

155 1356 320 1423 abscondit,
336 1354 510 1426 reprobatus
525 1356 601 1409 esta
620 1351 739 1407 domiuo
760 1350 817 1407 sibi
838 1350 954 1407 dicente
971 1367 978 1406 :
1034 1375 1048 1403 n
1058 1353 1186 1409 Pecunia
1196 1357 1248 1410 tue
1262 1358 1360 1411 tecum
1376 1355 1414 1412 sit
1429 1356 1460 1412 in
1476 1358 1861 1436 perditionemldet.v111):»

155 1468 170 1497 «ι
180 1450 266 1502 Serve
281 1457 519 1516 nequam,ooons
534 1439 701 1512 oportuitte
716 1440 870 1512 pecuniam
883 1456 979 1496 meam
1033 1440 1088 1497 iste
1103 1442 1186 1497 audit
1200 1460 1218 1498 e
1235 1444 1376 1500 Domino:
1391 1468 1402 1495 ι
1415 1445 1515 1503 Gratis
1527 1448 1695 1522 accepistis,
1709 1452 1808 1525 gretie
1818 1455 1865 1510 da·

154 1536 270 1592 tradere
285 1532 461 1591 numulariis
472 1532 508 1589 ad
524 1546 646 1588 usuram
662 1534 717 1585 cto.
731 1532 767 1585 l»
782 1528 875 1602 (ibid.)
885 1529 979 1586 Usura
1033 1535 1061 1587 te
1076 1531 1182 1602 (dorth.
1198 1532 1237 1603 x).
1254 1555 1268 1582 o
1285 1533 1428 1590 Dominus
1441 1535 1520 1591 enim
1533 1539 1693 1596 vendentes
1709 1544 1742 1596 et
1762 1558 1862 1598 emen.

114 1632 119 1641 ’
154 1624 283 1699 perlecta
297 1627 342 1680 est
357 1637 424 1677 cum
441 1637 492 1695 per
508 1618 611 1675 merita
625 1617 835 1690 consequimur
849 1616 979 1690 premia,
1032 1624 1077 1675 tes
1091 1620 1176 1690 ejecit
1188 1621 1224 1677 de
1236 1620 1355 1694 templo,
1368 1626 1609 1697 mensesevertit,
1621 1645 1661 1684 ees
1672 1629 1860 1687 numulario-

154 1730 206 1786 pcr
223 1710 398 1786 temporalia
419 1708 571 1766 lucramue
595 1712 715 1763 aterna.
731 1706 829 1763 Simile
851 1709 890 1763 ert
913 1721 978 1778 erpo
994 1741 1017 1808 B
1033 1725 1099 1764 rum
1114 1708 1218 1765 alludit
1232 1709 1308 1781 (tue.
1319 1713 1389 1780 ιιι),
1399 1712 1485 1769 nobis
1496 1712 1666 1788 relinquens
1678 1719 1858 1792 exemplum,

152 1819 267 1874 regnam
282 1802 411 1858 caelorum
423 1798 530 1855 bomine
543 1797 719 1868 nepoticwri,
735 1795 873 1869 quaerenti
895 1795 978 1852 honor
1032 1801 1065 1851 ut
1080 1795 1204 1853 (lieeites
1219 1802 1248 1853 et
1261 1797 1443 1856 simoniacos
1458 1799 1494 1856 de
1509 1800 1631 1859 ecclesie
1647 1804 1854 1875 expellemus:

152 1884 977 1965 margarites.Multiplexestmergaritarumsivalapidum
1031 1885 1083 1956 qui
1099 1901 1156 1941 non
1170 1885 1279 1941 habent
1301 1891 1414 1960 partem
1440 1888 1470 1944 in
1493 1905 1584 1962 reguo
1606 1890 1716 1949 Christi
1745 1900 1776 1949 at
1798 1895 1854 1951 Det,

110 1994 112 2001 ·
154 1980 350 2054 pretiosorum
374 1977 523 2034 distinctio
548 1992 598 2032 sou
624 1974 728 2032 divisio
752 1974 780 2029 in
804 1973 976 2045 Seripturis.
1031 1972 1087 2028 Sed
1098 1977 1126 2028 et
1136 1972 1233 2043 gloria
1246 1968 1433 2048 margaritam
1446 1976 1521 2034 male
1531 1978 1856 2054 quaritludaens,bene

45 2068 48 2073 ’
150 2069 199 2127 att
213 2069 292 2125 enim
309 2067 448 2141 prophete
460 2083 467 2121 ε
481 2089 495 2115 a
511 2064 614 2122 Omnis
635 2064 707 2136 lapis
725 2063 866 2132 pretiosus
882 2061 977 2134 operi·
1032 2061 1409 2134 querithristiaous;ille
1420 2066 1525 2137 querit
1536 2068 1690 2138 perdevia,
1701 2068 1771 2127 idco
1788 2089 1856 2129 uun·

93 2204 96 2209 .
152 2162 287 2214 mantum
298 2160 382 2213 tuum
397 2156 492 2229 (daeo).
509 2154 618 2224 xxrrrr).
629 2174 643 2203 »
660 2153 695 2207 Et
705 2154 859 2208 enumeret
875 2151 975 2208 stetim
1031 2166 1119 2222 quum
1135 2150 1246 2207 invenit
1257 2169 1264 2206 :
1276 2153 1332 2208 iste
1347 2169 1399 2225 per
1413 2155 1501 2222 viem,
1513 2155 1578 2212 ideo
1591 2157 1626 2212 ed
1645 2156 1730 2214 illem
1747 2161 1855 2231 pertin.

151 2261 256 2302 novem
272 2260 379 2318 genera
394 2242 538 2316 lapidum,
552 2246 670 2313 propter
680 2256 781 2296 norem
792 2241 909 2297 ordines
924 2256 975 2295 an·
1030 2241 1073 2311 git
1083 2256 1090 2308 ;
1102 2237 1151 2295 ille
1163 2244 1304 2312 tanquam
1318 2257 1412 2298 cacus
1423 2241 1504 2298 vultu
1516 2242 1611 2300 relato
1623 2261 1630 2302 ε
1642 2245 1699 2303 ists
1711 2252 1852 2322 tauquam

149 2334 417 2407 gaiorumMoyses
426 2347 544 2405 quoque
555 2330 710 2386 duodecim
721 2330 833 2401 species
843 2329 975 2402 lepidum
1029 2330 1133 2387 videns
1144 2330 1216 2388 iacie
1228 2332 1364 2389 revelata.
1376 2334 1439 2391 Une
1450 2334 1526 2390 enim
1538 2338 1592 2402 est,
1603 2341 1631 2392 et
1642 2337 1733 2395 unice
1750 2340 1798 2396 vie
1809 2357 1855 2414 par

149 2423 250 2497 posuit
276 2423 305 2479 iu
332 2421 468 2480 rationali
487 2419 976 2492 judicii(Eeod.1xvrrrl,propier
1029 2419 1766 2495 quampervenituradpatriem,illavidelicetqura
1778 2424 1852 2482 desa

149 2510 304 2569 duodecim
317 2509 519 2584 apostolorum
535 2508 711 2565 doctrinam.
729 2507 834 2564 Paulus
850 2507 928 2564 enim
944 2507 974 2563 in
1029 2503 1100 2560 dicit
1117 2522 1124 2560 :
1144 2525 1154 2552 ι
1171 2506 1229 2579 Ego
1245 2523 1309 2563 sum
1321 2505 1378 2575 via,
1394 2509 1503 2564 veritas
1518 2514 1547 2566 et
1561 2509 1621 2565 vite
1644 2513 1739 2580 (loon.
1755 2513 1825 2586 nv).
1841 2536 1852 2564 ι

148 2599 277 2673 Epistola
292 2601 382 2658 dicit:
394 2623 408 2651 «
425 2598 510 2655 Alius
525 2598 649 2654 adillcat
664 2595 789 2671 lignum,
803 2596 913 2663 lenum,
925 2596 974 2651 sti·
1065 2593 1160 2649 Multa
1171 2599 1242 2650 sunt
1252 2594 1343 2669 igitur
1354 2598 1528 2669 margarite,
1542 2599 1591 2654 sed
1602 2609 1710 2656 uacat
1719 2605 1855 2674 pretioso,

149 2688 248 2762 pulem
261 2707 268 2746 :
281 2687 356 2745 alius
372 2695 468 2745 eutem
484 2703 589 2743 aurum
600 2690 628 2742 st
643 2691 808 2759 argentum,
822 2685 973 2758 etlapidee
1027 2698 1114 2753 quam
1131 2683 1181 2756 qui
1199 2683 1309 2739 invenit
1323 2683 1423 2753 homo,
1440 2687 1532 2743 uendit
1543 2687 1672 2745 uniuersa
1683 2691 1851 2762 qwhctet,

149 2778 293 2850 pretiosos
308 2777 331 2850 (l
345 2776 470 2836 Cornu).
488 2798 502 2826 ν)
519 2775 591 2831 Item
606 2773 635 2829 io
650 2773 820 2847 Apocalypsi
832 2775 971 2831 loannis:
1026 2780 1052 2828 et
1066 2781 1206 2844 comparat
1219 2788 1290 2829 eum.
1306 2773 1362 2830 Dat
1377 2774 1559 2847 temporalis,
1575 2781 1608 2832 ut
1621 2779 1759 2850 acquirat
1773 2786 1856 2837 reler-

148 2866 274 2940 Lapides
289 2866 411 2939 pretiosi
426 2881 529 2921 omnes
545 2863 621 2920 muri
637 2864 712 2935 ejus,
728 2867 757 2919 et
778 2867 872 2919 turres
887 2863 972 2919 leru·
1027 2877 1065 2916 na
1076 2877 1083 2916 :
1094 2863 1144 2917 dat
1155 2871 1280 2928 terrena,
1291 2868 1323 2918 ut
1335 2862 1468 2935 acquirat
1479 2863 1607 2922 coeleslie
1618 2884 1625 2923 :
1638 2868 1690 2923 det
1700 2869 1848 2940 universe,

147 2953 238 3010 salem
255 2956 380 3026 gemmis
396 2953 620 3009 edificabuntur
633 2953 724 3024 (Aper.
740 2951 810 3023 ιιι).
1026 2966 1084 3006 nou
1100 2948 1195 3006 solum
1211 2966 1275 3006 sua.
1288 2951 1339 3007 sed
1355 2952 1487 3024 seipsum
1498 2969 1505 3010 ι
1518 2970 1576 3010 non
1591 2956 1688 3012 solum
1700 2959 1850 3032 propriam

184 3034 299 3099 Sullioit
312 3048 411 3099 autem
428 3043 464 3098 ad
476 3040 696 3098 edificationem
709 3043 848 3110 nostram,
863 3040 970 3096 distin·
1026 3038 1206 3108 facultatem,
1220 3039 1371 3097 sedetiam
1383 3041 1530 3114 propriam
1542 3044 1735 3114 uoluntatem,
1747 3064 1851 3106 secun.

146 3131 424 3204 gueretresspeoies
434 3130 672 3204 margaritarum.
684 3130 734 3185 Est
744 3134 842 3185 eutem
854 3146 970 3201 merga·
986 3106 1008 3173 C
1027 3127 1098 3184 dum
1113 3128 1206 3185 illud:
1226 3154 1236 3179 ι
1254 3129 1308 3195 Oui
1322 3130 1385 3187 vult
1399 3132 1498 3188 venire
1514 3137 1579 3205 post
1594 3151 1652 3201 me,
1667 3137 1797 3210 abneget
1810 3155 1852 3197 sa-

144 3218 202 3276 rite
216 3219 345 3276 scientia
361 3219 390 3275 in
406 3219 568 3291 Scriptura,
583 3217 743 3290 margarita
758 3219 856 3290 gretie
872 3218 901 3274 in
916 3219 969 3274 lle-
1028 3219 1198 3290 metipsum,
1214 3223 1243 3275 et
1258 3219 1342 3276 tollat
1364 3236 1477 3279 crucem
1495 3239 1580 3279 snam
1604 3225 1680 3295 (Lac.
1695 3226 1748 3299 ιι),
1765 3248 1780 3278 a
1795 3231 1852 3284 ato.

144 3307 244 3376 ciceia,
257 3309 416 3382 margarita
430 3307 528 3381 glories
545 3309 574 3364 in
592 3306 695 3380 petria.
706 3307 805 3363 Prima
820 3324 968 3380 compara·
1024 3307 1098 3364 ilinc
1117 3323 1186 3379 ergo
1210 3308 1313 3365 Petrus
1337 3310 1452 3366 aiebat:
1469 3333 1483 3362 n
1501 3312 1572 3369 Doce
1596 3329 1651 3370 nos
1675 3314 1850 3388 reliquimus

142 3396 296 3471 tnrpretic
309 3395 840 3463 meditationieetlectionis,eecunda
854 3413 969 3470 compe·
1022 3395 1131 3461 omnia,
1147 3401 1176 3452 et
1198 3397 1290 3453 secuti
1315 3414 1420 3454 sumus
1444 3404 1473 3456 tc
1497 3401 1601 3468 (notit.
1617 3403 1719 3475 rial.»
1745 3404 1851 3462 omnia

143 3496 226 3546 retur
237 3490 329 3563 pretio
341 3489 528 3546 contritionis
540 3494 567 3545 et
577 3488 781 3558 confessionis,
791 3488 877 3544 tertia
887 3505 966 3545 com·
1021 3502 1090 3559 ergo
1106 3489 1283 3559 venduntur,
1295 3494 1328 3545 ut
1344 3507 1435 3546 unum
1452 3490 1849 3568 solummodo'comperetur.

143 3583 266 3653 paratur
294 3581 386 3652 pretio
416 3578 602 3649 cogitationis
629 3582 658 3634 et
685 3578 819 3634 actionis.
835 3578 964 3635 Primam
1020 3600 1034 3627 «
1050 3577 1174 3643 Martha,
1189 3579 1315 3647 Martha,
1330 3579 1474 3637 Dominus
1489 3583 1595 3653 inquit,
1612 3582 1738 3641 sollicita
1760 3601 1804 3654 os,
1819 3590 1849 3642 et

140 3673 291 3739 comperet
306 3668 341 3733 is,
354 3669 390 3723 de
406 3684 464 3740 quo
479 3667 605 3723 dicitur:
619 3690 633 3716 ι(
650 3667 682 3722 ln
698 3667 760 3738 lege
775 3666 891 3721 Domini
908 3666 965 3722 luit
1018 3665 1148 3722 turbaris
1159 3682 1229 3739 erga
1239 3665 1376 3739 plurime.
1386 3668 1473 3725 Porro
1485 3685 1576 3727 unum
1588 3674 1633 3727 est
1644 3676 1844 3732 necessarium

138 3754 276 3811 voluntas
290 3757 366 3829 ejus,
382 3761 410 3812 et
425 3757 454 3811 in
471 3755 534 3826 lege
559 3757 624 3825 eius
648 3755 836 3812 meditabitur
859 3756 906 3811 die
929 3772 963 3811 ac
1017 3755 1142 3827 (Lara).
1155 3777 1170 3805 o
1186 3755 1394 3812 Hancunicam
1407 3759 1598 3830 margaritam
1609 3763 1760 3832 querebat
1769 3763 1839 3821 Pro-

137 3848 223 3900 nocte
238 3846 322 3914 (Ptol.
340 3845 370 3917 1).
384 3868 398 3895 o
414 3845 580 3901 Secundam
598 3848 769 3915 comparent
789 3843 820 3910 ii,
835 3844 871 3899 ad
887 3860 962 3915 quos
1016 3843 1196 3927 phele,¹cum
1213 3843 1341 3902 diceret:
1357 3868 1370 3895 a
1388 3845 1481 3903 Unam
1496 3849 1566 3919 petii
1579 3865 1597 3904 a
1609 3850 1744 3919 Domino,
1762 3851 1838 3909 hene

21 3942 26 3949 '
135 3931 263 3989 dicitur:
278 3955 289 3982 ι
303 3935 399 3989 Ducite
413 3932 959 4004 vcbisamicosdamemmonainiqui-
1014 3932 1163 4003 requiram
1188 3932 1272 3997 (Psoi.
1298 3936 1387 4003 xxvi).
1408 3956 1422 3983 »
1444 3938 1536 4001 Quam
1562 3939 1688 4010 pretiosa
1713 3941 1753 3998 ait
1776 3943 1838 3999 1120

33 4030 38 4035 '
134 4021 215 4090 istis,
232 4027 265 4078 ut
280 4039 346 4079 cum
363 4021 540 4088 defeceritis,
557 4021 700 4092 recipiant
722 4037 772 4076 vos
796 4020 825 4076 iu
850 4025 959 4077 aeterna
1014 4023 1185 4093 margarita,
1201 4022 1328 4095 cogitare
1344 4039 1400 4079 non
1426 4041 1596 4096 possumus,
1614 4028 1721 4084 nedum
1746 4030 1836 4087 etiem

131 4110 323 4168 tabernacula
333 4112 409 4184 (Lao.
418 4111 476 4183 xvi)
487 4110 575 4184 (w).
583 4133 598 4161 »
608 4111 713 4166 Verius
724 4113 822 4166 lamen
833 4110 957 4178 videtur,
1012 4110 1175 4182 explicars;
1193 4112 1262 4184 quie
1277 4133 1292 4161 n
1309 4127 1362 4168 nec
1376 4112 1480 4169 oculus
1492 4113 1577 4177 vidit,
1588 4131 1640 4172 nec
1651 4118 1734 4174 auris
1753 4120 1837 4175 eudi-

133 4200 210 4272 quod
224 4201 408 4274 pergratiam
420 4200 598 4257 veniaturad
612 4200 740 4269 veniam,
752 4215 840 4272 quem
851 4217 902 4271 per
911 4217 957 4255 vr·
1011 4200 1060 4270 vit,
1076 4216 1128 4256 nec
1143 4199 1172 4255 in
1196 4216 1246 4256 cor
1265 4200 1392 4257 hominis
1417 4203 1559 4269 escendit,
1576 4220 1640 4275 qna
1663 4209 1838 4278 preparavit

133 4289 213 4344 niem
224 4290 401 4346 veniaturad
413 4291 549 4362 gretiam,
560 4293 635 4344 testa
646 4288 785 4354 Veritate,
796 4305 858 4360 quae
869 4290 953 4347 dicit:
1010 4288 1087 4345 Deus
1112 4287 1302 4360 diligentibus
1326 4305 1357 4344 se
1371 4290 1394 4357 (l
1419 4290 1480 4346 Cor.
1497 4296 1538 4358 ιι).
1552 4314 1563 4345 s
1579 4293 1634 4348 Sed
1661 4310 1697 4350 ne
1718 4297 1837 4368 penitus

132 4397 147 4426 u
164 4376 293 4435 Dimissa
307 4384 378 4434 sunt
393 4378 418 4434 ei
436 4383 553 4451 peccata
573 4377 676 4442 multa,
692 4377 830 4447 quoniam
854 4379 954 4435 dilexit
1008 4380 1169 4444 teceamus,
1187 4376 1321 4432 dicemus
1343 4378 1417 4434 hanc
1439 4381 1628 4447 margaritam
1653 4399 1718 4440 esse
1742 4401 1836 4442 unum

132 4463 259 4521 multum
275 4468 351 4536 (lac.
362 4470 451 4538 vrri.»
470 4472 558 4524 Porro
573 4465 712 4538 quelibet
726 4468 952 4539 margaritarum
969 4469 992 4534 Ι)
1008 4465 1111 4533 Deum,
1122 4465 1172 4537 qui
1187 4469 1232 4521 cet
1247 4467 1347 4523 omnia
1362 4467 1392 4522 in
1408 4468 1558 4540 omnibus,
1573 4476 1744 4529 sanctorum
1761 4492 1835 4547 pra-

129 4550 255 4610 istarum
271 4554 348 4611 male
363 4555 532 4628 quaeritura
547 4555 736 4627 quibusdam,
749 4555 785 4611 ab
801 4555 867 4612 aliis
881 4557 954 4614 bone
1010 4554 1151 4624 mium,et
1161 4555 1359 4611 remuneratio
1370 4554 1627 4627 singulorumflic
1637 4564 1682 4616 est
1692 4562 1836 4621 denarius

130 4642 282 4714 queritur.
296 4642 368 4703 Nem
385 4644 462 4701 mele
477 4644 745 4717 quarithareticus
763 4645 953 4718 margaritam
1008 4643 1068 4711 ille,
1085 4643 1133 4711 qui
1147 4643 1281 4700 redditur
1303 4643 1442 4701 omnihus
1470 4645 1498 4701 in
1523 4646 1608 4704 vinea
1629 4647 1836 4709 laborantibus

130 4732 270 4799 scientia,
282 4733 470 4805 benequarit
482 4733 654 4790 catholicus.
667 4732 718 4790 llle
729 4734 844 4804 quierit,
858 4739 890 4790 ut
904 4752 953 4792 re·
1007 4732 1112 4805 (llottli.
1127 4736 1187 4802 ιι).
1204 4733 1239 4788 ut
1255 4732 1330 4789 benc
1345 4733 1506 4806 margarite
1521 4736 1641 4803 dicitur,
1657 4746 1834 4811 propter-00.

128 4821 247 4879 ritatem
263 4821 435 4895 impugnet:
447 4823 502 4879 iste
517 4821 632 4894 querit,
649 4825 683 4878 ut
694 4824 845 4878 ueritatem
857 4822 954 4880 delen·
1007 4821 1150 4895 gnitionis
1164 4821 1366 4894 splendorem,
1378 4822 1408 4877 in
1422 4839 1480 4892 qua
1495 4824 1628 4881 consistit
1643 4827 1702 4882 vite
1711 4833 1833 4890 eterna:

83 4944 86 4948 ·
128 4911 198 4981 det3
214 4910 264 4968 ille
278 4910 392 4982 querit,
403 4917 437 4968 ut
452 4912 539 4967 iidem
565 4916 702 4968 evacuet:
716 4911 772 4967 iste
800 4912 906 4984 querit
921 4917 955 4969 ut
1007 4932 1022 4961 a
1037 4915 1104 4966 Hac
1118 4914 1173 4982 est,
1184 4909 1279 4982 inquit
1293 4911 1354 4968 vite
1367 4917 1485 4982 aterna,
1499 4920 1531 4968 ut
1545 4921 1724 4986 cognoscant
1738 4922 1768 4973 ιο
1783 4935 1833 4975 ω.

126 4999 214 5057 fldem
230 5000 403 5058 conlirmet:
421 4999 592 5072 illaquearit
607 5004 639 5056 ut
655 5016 763 5073 aquam
779 5003 845 5057 vino
871 5017 952 5057 com·
1006 5001 1069 5057 lum
1080 5016 1180 5057 verum
1189 5004 1293 5070 Deum,
1306 5005 1336 5056 et
1349 5016 1438 5071 quem
1450 5001 1557 5059 misisti
1568 5003 1670 5059 lasum
1679 5004 1832 5065 Christum

126 5089 261 5162 misceat,
276 5094 305 5146 ot
318 5089 348 5145 io
365 5105 454 5147 aureo
470 5088 559 5146 calice
574 5089 612 5145 iel
635 5089 774 5146 draconis
798 5090 951 5162 propinet:
1008 5090 1097 5163 (loca.
1113 5089 1194 5160 eurr).
1208 5111 1222 5139 o
1235 5088 1326 5144 Nemo
1342 5104 1408 5145 vero
1424 5105 1476 5161 pro
1494 5094 1665 5165 paupertate
1686 5094 1832 5168 desperet,

126 5174 184 5232 ieie
198 5177 304 5249 querit
320 5182 351 5234 ut
366 5179 462 5251 capiat
477 5200 492 5228 u
508 5178 609 5250 vulpes
620 5176 767 5250 parvulas,
778 5194 841 5249 qua
852 5179 953 5233 demo·
1006 5194 1073 5234 curn
1090 5177 1174 5234 audit
1199 5176 1356 5248 pretiosam
1381 5178 1584 5249 margaritam,
1600 5180 1670 5252 quia
1690 5181 1727 5239 de
1751 5185 1831 5242 incili

49 5325 54 5331 .
123 5261 239 5321 liuntur
254 5267 354 5325 vincas
369 5268 460 5339 (Cant.
478 5268 521 5339 n),
539 5291 553 5317 n
568 5266 655 5324 ieoies
668 5267 787 5338 quidem
811 5266 952 5324 habentes
1006 5272 1205 5338 eomparatur.
1215 5266 1292 5322 llmit
1306 5282 1369 5322 cam
1386 5265 1473 5322 vidua
1487 5268 1601 5326 duobus
1616 5270 1749 5330 minutis.
1766 5290 1830 5345 qua

125 5351 268 5421 diversas,
284 5358 335 5413 sed
352 5358 463 5414 caudas
479 5356 516 5413 ad
533 5356 656 5413 invicem
672 5354 826 5429 colligatas
845 5357 951 5425 (ludio.
1007 5358 1088 5414 misit
1102 5359 1132 5412 in
1151 5354 1393 5429 gazophylacium
1408 5355 1502 5423 (llere.
1517 5358 1737 5429 xu);emiteam
1753 5363 1831 5421 elius

123 5441 198 5513 xv):
221 5442 291 5514 quie
316 5446 352 5501 de
378 5446 505 5504 vanitate
535 5443 715 5502 conveniunt
741 5444 771 5500 in
808 5446 950 5519 idipsum.
1006 5451 1075 5520 potu
1092 5443 1290 5515 calioisequa
1313 5443 1539 5517 frigida,quem
1563 5447 1594 5502 in
1615 5448 1830 5509 nomioadedit

158 5565 230 5641 (25²)
245 5567 299 5626 liic
313 5568 431 5628 videtur
444 5570 557 5645 aliquid
571 5568 743 5629 desiderari.
