3796 5986
84 314 90 321 -
144 281 200 337 587
571 281 779 338 mrtocltrtru
797 283 837 336 111
856 280 959 337 PAPAE
977 276 1171 369 anamodus
1188 278 1236 333 DE
1253 276 1413 334 saneris.
1800 269 1847 327 bet

149 407 238 463 hamo
254 406 424 463 divinitatis.
441 405 524 463 Unde
539 405 699 479 propbeta:
716 428 731 456 e
747 405 779 462 lu
795 403 907 462 dioillo
928 403 969 458 vi·
984 404 1011 470 Α
1025 404 1074 458 tur
1085 400 1258 472 Behemotb,
1274 400 1303 457 id
1318 404 1363 458 est
1378 400 1480 467 bellae,
1495 399 1591 456 unde:
1608 399 1673 455 Eece
1690 395 1844 465 Debemotli,

148 495 247 552 sitavit
264 497 404 552 Dominus
420 501 450 552 in
461 495 559 568 gladio
574 511 627 552 suo
643 496 716 551 duro
732 498 761 550 et
783 493 888 567 grandi
904 492 972 549 lorti
1025 507 1088 565 quae
1101 491 1156 563 [eei
1170 496 1269 549 tecum.
1285 492 1320 547 ut
1335 491 1503 565 specificato
1519 489 1663 548 vobabulo
1674 487 1847 557 diciturleo,

146 601 235 655 super
251 585 408 642 leviathan
422 590 589 657 serpentem
602 592 725 650 vectem,
735 587 859 656 ctauper
872 583 971 639 Levia·
1027 582 1213 638 undePetrua
1223 599 1230 637 :
1240 579 1555 638 «Adversariusvsster
1566 577 1703 636 diabolus
1714 582 1848 651 tauquam

147 673 219 730 thau
231 681 397 748 serpentem
414 679 591 744 tortuosum,
606 679 635 731 et
648 673 759 729 occidet
783 678 891 740 cetum,
921 671 971 744 qui
1025 669 1568 745 leorugiensctrcuitquerensquem
1591 670 1711 726 devoret
1740 669 1769 738 (l
1782 672 1845 724 Petr.

32 790 44 821 ·.
147 768 193 821 est
207 763 237 821 in
254 765 327 820 mari
340 765 405 838 (lec.
416 763 514 836 xxviij.
524 784 538 812 »
550 767 704 835 Propterea
715 762 786 818 dicit
797 762 827 818 in
839 760 970 818 Psalmo:
1025 761 1063 832 v).
1079 780 1093 811 o
1110 760 1224 816 Dicitur
1236 759 1336 832 lupus,
1353 760 1449 816 unde:
1465 779 1476 807 ι
1490 758 1589 832 Lupus
1599 758 1690 826 venit,
1701 762 1732 814 et
1743 771 1844 812 merae·

149 875 164 906 e
179 852 251 910 Veni
268 854 298 910 ln
309 852 496 909 altitudinem
509 851 611 922 maris,
622 856 818 924 attempestas
832 849 973 907 demersit
1027 849 1127 905 narius
1141 848 1217 923 sugit
1231 851 1321 920 (loon.
1338 851 1375 919 x).
1394 870 1405 900 r
1423 849 1577 907 oenones
1587 864 1655 922 ergo
1667 846 1844 904 bestianun·

150 942 417 1015 me(Peul.nxvm).
436 941 538 997 »Cum
563 957 632 1014 ergo
661 939 797 997 diabolus
826 939 974 1013 suggessit
1027 934 1844 1010 cupantur,undeinPsalmo:«Netradasbestiisani

148 1031 296 1088 Christum
311 1031 414 1097 occidi,
430 1037 500 1087 tune
516 1049 534 1086 a
549 1030 664 1086 Christo
690 1029 796 1086 meruit
823 1029 972 1102 captivari,
1026 1044 1090 1084 mas
1105 1029 1277 1084 confitentes
1292 1028 1344 1084 tibi
1365 1028 1456 1103 (Paul.
1472 1029 1522 1100 vr).
1540 1051 1553 1079 υ
1576 1026 1690 1084 Dicitur
1720 1040 1845 1098 serpens,

148 1121 312 1178 secundum
328 1118 400 1175 illud
417 1118 813 1192 propheticum:»0mors,
828 1134 878 1175 ero
893 1134 973 1175 mora
1027 1116 1247 1174 undeilludtv
1264 1117 1570 1175 Indieillavisitabit
1589 1116 1736 1174 Dominus
1765 1131 1848 1187 super

148 1213 200 1266 tua
211 1228 218 1267 :
230 1226 347 1265 morsus
364 1213 432 1265 tuus
447 1224 507 1280 ero,
519 1208 633 1264 interne
649 1208 791 1281 (Osann).
809 1207 973 1265 »Diabolus
1027 1207 1185 1264 Leviatban
1202 1212 1366 1278 serpentem
1382 1211 1492 1264 vectem
1520 1209 1586 1279 (leo
1602 1208 1702 1275 xxvnt.
1720 1225 1735 1255 e
1758 1203 1847 1262 Levia·

147 1296 226 1353 enim
241 1295 409 1368 paradisum
425 1296 553 1364 intravit,
569 1301 598 1351 et
613 1295 824 1369 colonosejeoit
835 1313 842 1351 :
853 1294 973 1353 ethri-
1028 1296 1097 1353 thau
1113 1296 1192 1353 enim
1207 1296 1417 1368 interpretatur
1430 1296 1654 1353 additamentum
1664 1295 1848 1366 ceremonia

147 1394 212 1446 stus
227 1390 263 1445 ad
275 1389 424 1445 infernum
434 1388 595 1458 descendit,
605 1388 971 1460 etcaptivoseduxit.Nam
1027 1384 1140 1442 scilicet
1154 1387 1258 1458 primis
1268 1386 1441 1459 parentibus
1456 1385 1581 1460 gloriam
1596 1386 1704 1443 addere
1724 1399 1757 1440 aa
1785 1400 1847 1455 spo·

147 1479 216 1549 quia
230 1477 367 1534 diabolus
383 1479 464 1535 misit
478 1494 599 1533 manum
615 1478 645 1533 in
660 1478 756 1545 illum,
771 1478 801 1533 in
817 1494 875 1551 quo
898 1476 971 1533 nibil
1027 1474 1147 1548 pendit:
1165 1497 1177 1527 a
1195 1474 1291 1542 Eritis,
1306 1475 1415 1548 iuquit,
1427 1475 1504 1532 siout
1518 1475 1572 1542 dii,
1587 1473 1714 1532 scientes
1739 1474 1845 1530 bonum

146 1567 223 1639 iuris
238 1567 374 1635 babebat,
387 1569 455 1638 jure
467 1566 567 1622 amisit
582 1566 658 1632 illos,
675 1568 705 1622 in
721 1568 830 1641 quibus
858 1565 971 1639 aliquid
1026 1569 1056 1620 et
1072 1563 1182 1620 malum
1199 1564 1273 1630 (Gerr.
1289 1564 1368 1635 ml»
1380 1562 1849 1638 lltspeoificatovocabulodicitur

107 1690 110 1695 ·
144 1656 223 1728 juris
239 1656 392 1712 videbatur
407 1655 524 1712 babere.
541 1655 582 1712 Ne
597 1672 664 1712 vero
674 1655 810 1713 diabolus
825 1656 972 1712 videratur
1028 1652 1156 1719 coluber,
1171 1654 1250 1710 unde
1265 1653 1390 1710 dicitur:
1408 1676 1422 1704 ι(
1438 1653 1653 1710 Obstetricnnto
1670 1668 1763 1708 manu
1786 1652 1847 1724 ejus

149 1745 252 1801 fraude
267 1745 418 1817 deceptus,
434 1761 500 1800 oum
512 1744 598 1802 hamo
609 1745 718 1801 dicitur
728 1752 842 1817 ceptus,
856 1744 970 1818 prami-
1026 1742 1150 1798 eductus
1165 1747 1211 1800 est
1224 1742 1342 1800 coluber
1356 1747 1507 1800 tortuosus
1521 1743 1592 1816 (tot.
1607 1744 1695 1814 xxvi).
1705 1764 1720 1794 a
1739 1742 1849 1799 Dicitur

88 1887 92 1896 ,
149 1833 207 1891 sit:
223 1836 257 1889 ln
270 1832 361 1889 oeulis
373 1832 522 1905 sabuceti
535 1832 886 1904 bumocupa'etltebemotb.
898 1834 971 1889 Nam
1024 1832 1123 1901 draco,
1140 1834 1237 1889 unde:
1254 1855 1268 1883 «
1284 1832 1376 1889 Draco
1391 1831 1447 1890 iste
1467 1848 1557 1906 quem
1573 1831 1704 1889 formasti
1721 1832 1760 1889 ad
1784 1830 1847 1888 illu·

148 1922 253 1979 soienti
268 1929 296 1978 et
311 1920 418 1979 volenti
431 1922 516 1978 dolus
526 1939 582 1978 uon
595 1922 721 1979 insertur
742 1922 881 1980 Diabolus
892 1922 970 1979 enim
1025 1922 1154 1978 dandum
1165 1922 1191 1979 ei
1206 1922 1294 1994 (Prot.
1310 1922 1380 1995 ciri).
1392 1944 1407 1972 »
1419 1927 1572 1978 Daruones
1583 1938 1663 1996 argo,
1672 1920 1744 1995 quia
1755 1921 1847 1978 diver·

146 2009 296 2066 Christum
311 2011 512 2083 cognoscendo
523 2011 634 2082 timuit,
646 2017 675 2067 et
685 2010 813 2068 timendo
824 2012 969 2084 cognovit.
1026 2009 1068 2068 sie
1082 2011 1178 2068 modis
1193 2013 1349 2082 seducunt,
1358 2011 1482 2069 diversis
1497 2012 1647 2085 reptilium
1677 2011 1849 2069 nominibus

148 2119 163 2151 «
178 2099 264 2167 Quid,
276 2119 290 2149 a
306 2097 415 2170 inquit,
433 2097 650 2168 «tibietnobis,
662 2099 972 2157 JesulVaaarane‘lVe·
1024 2099 1221 2174 appellentur,
1232 2101 1329 2158 unde:
1346 2122 1361 2151 α
1377 2101 1472 2174 Super
1485 2101 1616 2174 aspidem
1633 2103 1662 2157 et
1676 2099 1849 2158 basiliscum

147 2187 219 2245 nisti
229 2191 295 2245 ante
306 2192 424 2260 tempus
434 2189 555 2259 perdere
566 2205 629 2244 nos.
640 2189 706 2245 Seio
717 2188 787 2262 quia
798 2189 839 2247 sis
850 2193 970 2246 sanetus
1025 2187 1202 2254 ambulabis,
1217 2197 1272 2247 eto.
1283 2188 1436 2262 (Psalmo).
1448 2210 1463 2240 »
1475 2190 1564 2247 ltem:
1581 2211 1596 2240 (ι
1606 2192 1702 2260 caput
1715 2189 1850 2263 aspidum

147 2277 199 2336 Dei
210 2277 286 2352 (tce.
302 2278 375 2348 vm).
393 2298 407 2326 »
424 2277 458 2331 llt
472 2275 578 2333 iterum
593 2293 599 2332 :
626 2299 641 2328 «
655 2277 730 2345 Quid
759 2277 830 2334 mibi
847 2285 876 2336 et
904 2278 970 2345 tibi,
1025 2283 1121 2352 suget,
1136 2284 1164 2334 et
1176 2278 1289 2334 occidet
1302 2295 1371 2335 eum
1387 2277 1489 2350 lingua
1501 2277 1607 2351 vipera
1622 2278 1691 2349 (lob.
1706 2279 1769 2351 ιι).
1782 2302 1797 2332 o

146 2366 201 2424 Fili
215 2367 286 2424 lesu
301 2365 352 2423 Dei
368 2364 529 2422 altissimi?
543 2365 670 2423 Dbsacro
681 2371 719 2436 te,
731 2383 767 2423 ne
777 2384 822 2424 me
834 2372 970 2441 torqueas
1063 2368 1174 2424 Dicitur
1185 2367 1287 2440 piscis,
1302 2368 1332 2423 in
1355 2368 1441 2439 cuius
1469 2367 1565 2440 ligura
1589 2367 1681 2440 piscia
1708 2368 1850 2427 immanis

146 2456 252 2529 (ldattlr.
269 2459 308 2525 v).
328 2456 498 2512 »consueta
512 2460 610 2512 tamen
626 2456 751 2513 aviditas
774 2473 841 2513 eum
872 2457 969 2527 traxit,
1025 2457 1124 2524 exivit,
1140 2457 1335 2513 utdevorarat
1349 2456 1469 2513 Tobiam
1485 2457 1544 2529 (lob
1558 2456 1597 2528 v).
1620 2457 1654 2513 lit
1681 2455 1850 2530 specificato

145 2549 175 2603 at
188 2546 338 2603 temeritas
354 2543 484 2617 impulit,
500 2548 534 2600 ut
548 2545 721 2618 sanguinem
737 2545 803 2618 ejus
819 2545 925 2617 sitiret,
941 2551 971 2603 et
1025 2544 1166 2602 vocabulo
1180 2544 1288 2601 dicitur
1302 2551 1396 2617 cetus,
1413 2547 1510 2603 unde:
1531 2568 1546 2599 (ι
1561 2546 1680 2603 Decidat
1707 2546 1850 2606 Dominus

146 2651 265 2693 carnem
282 2638 443 2706 appeteret.
1025 2641 1134 2701 cetum,
1150 2633 1200 2706 qui
1215 2634 1298 2690 estin
1312 2635 1598 2707 marillsu.xxv11).»
1612 2636 1643 2691 ln
1653 2624 1849 2694 hisomnibua

181 2721 968 2797 Behemotbnominisinterpretationesignatlelluom.
1025 2721 1190 2795 appellatur
1209 2723 1309 2789 Satan,
1334 2723 1428 2780 idest
1451 2723 1641 2797 Muermriue,
1665 2724 1745 2781 unda
1759 2725 1848 2783 illud:

147 2814 288 2872 Diabolus
302 2813 380 2868 enirn
392 2815 510 2884 propter
521 2812 652 2868 diversas
667 2813 971 2886 proprietates,diver·
1026 2834 1040 2862 α
1055 2813 1156 2867 Stabat
1169 2811 1258 2868 Satan
1273 2828 1290 2868 a
1304 2811 1414 2868 dextris
1429 2812 1504 2883 ejus,
1531 2816 1564 2869 ut
1591 2813 1796 2872 adversaretur
1823 2815 1849 2872 ei

147 2905 189 2961 sis
204 2901 377 2960 animalium
394 2901 563 2956 nominibus
578 2907 774 2973 nuncupatur.
797 2903 970 2960 Nominatur
1025 2902 1117 2974 (Zacb.
1132 2904 1170 2973 vl.
1186 2924 1200 2952 »
1216 2901 1327 2959 Dicitur
1341 2899 1443 2969 Belial,
1458 2902 1488 2957 id
1503 2908 1548 2958 eat
1561 2907 1696 2975 apostata,
1712 2905 1849 2976 pravari-

146 2993 225 3050 enim
241 2989 411 3048 nominibus
427 2989 597 3059 bestiarum,
613 2996 733 3063 propter
760 2991 928 3048 violentiam
940 2995 970 3048 et
1025 2997 1106 3048 calor
1119 2996 1148 3047 et
1162 2992 1275 3062 absque
1285 2991 1367 3062 jugo,
1384 2989 1595 3047 undedioitur:
1609 3015 1623 3043 «
1635 2994 1703 3059 Qus
1714 3008 1850 3052 nomma-

145 3081 381 3154 oppressionem:
398 3077 568 3133 nominibus
584 3077 745 3150 reptilium,
757 3085 875 3153 propter
886 3084 969 3136 ostu—
1025 3081 1133 3139 nicetio
1148 3081 1258 3138 Christi
1273 3084 1309 3138 ad
1317 3081 1407 3138 Belial
1418 3082 1432 3137 ‘l
1443 3106 1458 3134 »
1468 3084 1507 3155 (11
1519 3082 1580 3141 Cor.
1592 3086 1642 3152 v1).
1654 3084 1850 3158 Nuncupatur

144 3171 215 3226 tiam
231 3172 260 3225 et
274 3166 474 3240 deceptionem
488 3183 495 3236 ;
509 3165 680 3223 nominibus
695 3168 832 3241 piscium,
850 3173 968 3244 propter
983 3142 1006 3212 c
1024 3171 1171 3242 diabolus,
1184 3171 1213 3226 id
1229 3176 1274 3228 est
1288 3170 1469 3239 criminator,
1497 3172 1557 3229 sive
1584 3173 1711 3231 deorsum
1738 3176 1848 3246 tineam

144 3257 291 3316 luxuriam
307 3260 336 3314 et
350 3255 533 3313 effusionem.
550 3255 601 3312 His
616 3256 693 3312 enim
715 3262 842 3330 quatuor
872 3261 966 3318 modis
1021 3261 1099 3317 unde
1113 3263 1142 3316 in
1158 3258 1295 3316 Psalmo:
1314 3259 1480 3317 «Diabolus
1496 3264 1554 3317 stet
1569 3277 1587 3316 a
1600 3261 1712 3318 dextris
1725 3263 1803 3335 ejus,
1822 3269 1850 3321 et

144 3349 267 3406 maxime
282 3349 376 3404 tentat
390 3350 419 3402 et
432 3347 561 3418 superat.
579 3344 966 3415 Diciturenimavismnde:
1021 3351 1114 3408 oratio
1128 3349 1191 3421 ejus
1206 3349 1256 3405 llat
1271 3349 1301 3405 in
1316 3353 1467 3421 peccatum
1483 3350 1572 3422 (Paul.
1589 3350 1676 3422 ovrrr).
1694 3373 1707 3401 e

143 3436 280 3511 Nunquid
294 3434 392 3492 illudes
402 3433 516 3508 eiquorl
522 3433 569 3490 uui
578 3433 640 3490 aa:
651 3435 818 3508 specificato
825 3439 967 3498 vocabulo
1000 3449 1002 3453 ·
1058 3438 1150 3496 Fortis
1164 3443 1209 3495 est
1223 3454 1292 3510 ergo
1309 3436 1444 3494 diabolus
1458 3443 1488 3494 et
1502 3442 1629 3508 astutus,
1644 3441 1694 3497 sad
1706 3441 1850 3500 tortioret

144 3527 253 3585 dieitur
280 3524 390 3597 perdix,
421 3523 499 3580 unde
526 3521 618 3579 illud:
655 3524 823 3583 «Clamavit
854 3528 966 3602 perdix,
1022 3529 1150 3589 astutior
1165 3528 1343 3600 supervenit,
1361 3526 1564 3599 quivasaelus
1577 3528 1710 3601 diripuit,
1722 3531 1847 3604 etoapti·

145 3614 332 3689 congregavit
346 3614 424 3684 quod
440 3630 497 3669 non
510 3613 623 3686 peperit
633 3614 698 3685 (Ver.
710 3613 768 3686 vu).
782 3636 796 3665 a
815 3615 967 3676 Daemones
1021 3636 1073 3677 vos
1087 3617 1188 3675 eduxit
1201 3619 1277 3689 (tue.
1292 3615 1343 3686 xi),
1359 3614 1503 3672 Dominus
1516 3616 1604 3673 lesus
1618 3616 1765 3687 Christus,
1795 3619 1847 3694 qui

144 3722 214 3779 ergo
242 3702 375 3760 volucres
401 3701 596 3775 appellantur,
625 3703 704 3759 unde
732 3704 761 3759 in
791 3705 966 3780 Evangelio:
1022 3713 1067 3766 eat
1081 3705 1279 3780 superomnia
1293 3704 1370 3762 Deus
1384 3705 1558 3761 benedictus
1573 3705 1602 3761 in
1618 3706 1727 3764 secula
1754 3725 1846 3766 sacu-

146 3815 161 3848 e
176 3792 315 3853 Voluores
330 3789 393 3849 coeli
403 3790 676 3848 comederuntillud
688 3793 847 3864 (Lucvnr).
864 3818 878 3847 a
892 3797 968 3856 Dici·
1022 3797 1130 3855 lorum.

859 4104 1004 4174 suello
1024 4105 1127 4174 XXX.

638 4268 676 4326 ΙΝ
689 4268 939 4330 SOLllthlVA'l'll
959 4273 1108 4334 OMNIUM
1125 4274 1354 4333 SANGTORUM.

315 4422 386 4495 Duil
395 4438 446 4497 per
459 4420 662 4505 dmserapliim
676 4421 838 4497 intelligere
851 4424 1008 4496 debeamus,
1025 4431 1052 4482 et
1067 4426 1099 4484 de
1113 4426 1203 4483 tribvs
1214 4425 1382 4484 maritetur
1396 4426 1593 4500 clamantibus,
1606 4432 1634 4486 et
1648 4428 1681 4487 da

566 4510 688 4569 puroque
702 4494 778 4568 loeis,
793 4493 934 4570 inquitas
949 4498 1066 4555 bumont
1077 4498 1193 4572 spiritus
1207 4503 1426 4557 commoraretur.

183 4805 240 4861 Duo
254 4802 396 4875 seraptim
409 4801 569 4858 clamabunt
582 4801 655 4857 alter
667 4799 703 4856 od
713 4801 843 4869 alterum,
858 4805 886 4859 et
899 4803 972 4860 diee-
986 4804 1010 4872 n
1026 4825 1041 4855 u
1052 4805 1084 4861 In
1101 4803 1245 4877 principio
1259 4809 1323 4863 erat
1335 4805 1471 4873 Verbum,
1495 4810 1525 4862 at
1539 4805 1668 4863 Verbum
1683 4807 1746 4863 erat
1772 4805 1851 4878 apud

148 4893 231 4951 boot:
248 4891 377 4955 Sanctus,
389 4898 511 4960 sanetus,
530 4894 655 4959 eundae,
668 4890 800 4946 Dominus
809 4891 971 4950 Democr-
1024 4892 1129 4964 Deum,
1144 4898 1172 4951 et
1187 4894 1264 4952 Deus
1288 4899 1351 4951 erat
1373 4895 1503 4952 Verbum
1528 4895 1556 4966 (l
1566 4897 1645 4953 loon.
1662 4894 1703 4966 v).
1725 4916 1739 4946 r
1769 4894 1853 4960 Duod

144 4987 261 5052 dtuum,
273 4983 356 5055 plenu
370 4984 412 5037 est
425 4982 516 5036 omnis
531 4983 607 5035 terro
620 4978 711 5050 gloria
728 4979 789 5052 (lea
810 4988 861 5052 vr).
1023 4982 1102 5039 enim
1119 4982 1149 5038 in
1160 4983 1210 5041 illo
1227 4983 1327 5040 minus
1341 4988 1441 5054 aperte
1456 4984 1608 5053 scribitur,
1624 4982 1654 5038 in
1677 4983 1734 5039 isto
1757 4981 1853 5054 magis

181 5069 411 5144 Duoserapbim,
422 5085 548 5142 quorum
560 5067 968 5140 alterclamabatsdaltsrum,
1024 5076 1124 5144 aperte
1139 5076 1284 5129 narratur.
1303 5071 1334 5129 ln
1350 5070 1401 5128 illo
1417 5073 1557 5130 scribitur
1569 5089 1576 5129 :
1587 5072 1714 5140 Sanctus,
1725 5078 1851 5138 sameas,

145 5162 203 5219 duo
218 5166 290 5218 sunt
310 5163 496 5225 testanmnta,
527 5173 652 5230 quorum
680 5157 805 5212 alterum
834 5158 970 5216 convenit
1022 5167 1142 5225 rnorem,
1160 5160 1290 5216 Dominus
1304 5158 1378 5217 Deae
1392 5164 1581 5231 exercituum
1606 5161 1636 5216 in
1665 5159 1721 5217 isto
1746 5174 1850 5217 narra·

146 5249 240 5306 alteri.
257 5250 330 5306 Nam
346 5255 411 5305 rota
426 5247 593 5303 continetur
607 5246 637 5300 in
655 5243 752 5301 medio
776 5247 968 5319 reticulum.
1023 5251 1089 5304 tur:
1107 5247 1573 5321 «Trossuntquitaatimouium
1602 5250 1674 5307 dant
1696 5248 1727 5305 in
1757 5247 1847 5306 cralo:

146 5341 179 5408 ι),
195 5343 224 5394 st
238 5339 296 5394 duo
312 5337 464 5394 cherubim
479 5351 545 5392 sese
559 5333 722 5405 respiciunt
734 5333 828 5390 versis
838 5335 969 5394 vultibus
1023 5341 1119 5402 Pater,
1135 5335 1263 5393 Verbum
1277 5345 1307 5395 et
1317 5339 1443 5411 Spiritus
1453 5344 1573 5396 sauctus
1585 5354 1593 5396 :
1603 5344 1634 5396 et
1644 5337 1674 5395 bi
1683 5343 1745 5394 tres
1756 5352 1851 5394 unum

144 5425 175 5481 in
204 5425 440 5497 propitiatorium
469 5423 566 5496 (deod.
596 5421 672 5493 xxv).
699 5418 782 5477 Unde
810 5427 969 5497 utrumque
1024 5425 1850 5500 sunt.»Pratsrunitatieigiturettrinitatismysterlum

145 5517 356 5571 tastamentum
370 5511 565 5570 consimiliter
578 5509 680 5581 incipit
696 5508 787 5566 illud:
800 5510 852 5566 «ln
864 5514 970 5584 prinoi-
1023 5514 1101 5587 quod
1117 5513 1267 5572 evidenter
1280 5523 1308 5572 et
1322 5515 1495 5575 excellenter
1508 5517 1570 5575 baso
1585 5516 1674 5574 verba
1696 5530 1852 5573 comman-

145 5605 195 5680 pio
210 5601 407 5661 creavitDaus
420 5600 528 5659 colum
543 5602 690 5659 atterram
701 5597 780 5672 (Gerr.
796 5599 817 5674 r)
828 5616 836 5671 ;
848 5621 863 5653 a
874 5601 967 5661 latud:
1023 5603 1106 5672 dant,
1120 5602 1211 5662 etiam
1225 5601 1373 5664 hodierna
1392 5603 1572 5664 solemnitati
1594 5603 1680 5680 plane
1693 5601 1785 5663 simul
1812 5618 1851 5665 aa
