3796 5986
59 277 118 333 405
575 278 700 336 SBRMO
717 280 791 345 xxi,
810 278 938 335 nomin.
958 279 984 332 tt
1003 276 1093 335 eost
1111 278 1263 335 PASCUA.
1719 275 1773 334 406
1871 302 1874 307 ·

57 401 143 472 quod
165 413 293 472 regnum
308 399 359 455 Dei
373 398 482 456 dlcitnr
496 399 526 455 in
540 400 700 473 scripturis
716 398 890 456 universalia
903 403 931 468 A
946 399 1094 456 commisit
1110 400 1205 468 Petro,
1216 416 1284 456 cum
1300 401 1359 456 ait:
1376 422 1391 452 a
1406 399 1507 457 Simon
1522 400 1655 470 loannis,
1670 400 1771 475 diligis

57 489 203 557 Ecclesia,
218 487 345 545 emieatis
360 489 466 562 patria,
482 489 555 546 fides
570 494 659 557 recta,
675 493 705 545 et
719 505 801 545 sacra
815 487 892 543 Scri·
946 503 992 544 me
1008 487 1074 558 plus
1089 486 1158 543 bis‘l
1175 485 1309 544 cuicum
1326 492 1429 545 Petrus
1446 487 1530 545 tertio
1545 490 1768 561 respondisset:

58 585 160 650 ptura.
176 577 307 635 Primum
321 577 352 633 in
366 578 439 645 solo,
456 577 620 634 secundum
635 578 666 633 in
683 576 891 648 petulentiam
944 577 1119 642 Domine‚tu
1132 578 1201 646 scis,
1213 578 1358 650 quiaamo
1368 584 1417 647 te;
1433 580 1563 636 secundo
1573 594 1771 651 quoqnepre-

57 669 91 724 in
114 668 216 731 eorde.
241 672 382 740 quartum
406 667 435 722 in
462 668 572 724 codice.
596 671 633 722 tie
659 682 748 739 regno
773 666 891 738 quidem
943 667 1020 736 cepit
1047 665 1074 721 ei
1103 666 1229 722 dicens:
1254 666 1344 722 Pasce
1369 682 1420 722 eve
1443 668 1634 738 mersitona.
1659 671 1728 736 xxi).
1753 689 1768 719 ιι

58 757 206 829 scriptum
222 760 288 812 est:
308 774 319 805 a
337 755 440 812 Extant
453 756 549 828 angeli
560 754 738 827 etcclligeat
751 755 786 810 de
802 769 891 825 regno
942 758 1015 814 Audi
1031 759 1066 814 de
1081 759 1221 826 secundo,
1238 759 1267 814 id
1281 764 1327 816 eat
1341 760 1377 815 de
1392 775 1482 834 regno
1504 760 1632 818 coelestis
1645 763 1744 834 petria
1760 778 1768 820 ε
1867 830 1873 845 ι

57 847 125 918 ejus
142 846 241 901 emnia
256 845 396 901 scandala
411 844 517 917 (uuirt.
534 847 607 907 xiiil.
624 866 639 895 ιι
660 844 700 900 De
724 858 813 913 regno
839 858 891 914 pa.
945 846 1036 902 «Noli
1062 863 1108 903 me
1133 850 1263 920 tangere,
1285 849 1417 904 nondum
1434 850 1512 905 enim
1529 849 1650 907 assandi
1665 851 1701 906 ad
1716 850 1771 908 pn.

57 935 124 991 triae
139 933 302 1007 reperitur:
319 955 334 984 ι
349 932 601 1005 Fulgebuntjusti
617 931 891 1002 sicutaolinregno
942 941 1016 992 trem
1032 952 1142 1006 meum,
1158 943 1212 992 etc.
1228 936 1320 1007 (toea.
1337 937 1394 1010 xx).
1410 958 1425 989 ιι
1451 938 1486 993 tit
1510 939 1638 995 iterum:
1667 939 1769 997 allata

58 1024 156 1081 Patris
180 1039 283 1080 eorum
307 1023 399 1094 (ibid).
416 1043 431 1072 ιι
455 1023 496 1079 De
519 1038 608 1096 regno
633 1023 700 1078 lidei
721 1022 793 1077 dicit
814 1020 889 1077 scri.
942 1028 986 1080 est
1002 1024 1073 1080 mihi
1090 1024 1186 1080 omnis
1198 1029 1328 1097 potestas
1344 1027 1372 1082 in
1389 1024 1460 1083 coelo
1475 1031 1505 1083 et
1519 1027 1548 1082 in
1564 1030 1642 1083 terra
1661 1027 1770 1099 (aare.

57 1118 170 1186 plura:
199 1134 214 1163 «
231 1113 363 1184 Regnum
378 1112 523 1168 Delintra
540 1127 594 1168 vos
615 1115 661 1168 est
686 1112 760 1182 (tac.
777 1113 857 1175 xvii).
874 1129 889 1159 ιι
941 1113 1052 1186 xxviii).
1069 1135 1084 1164 ιι
1108 1114 1183 1169 Audi
1208 1114 1243 1170 de
1267 1113 1364 1181 tertio,
1381 1113 1409 1169 id
1435 1119 1480 1171 est
1503 1115 1540 1171 de
1563 1131 1653 1188 regno
1677 1115 1769 1174 lldei:

57 1201 98 1259 De
122 1217 214 1275 reguo
240 1201 400 1275 Scriptura
426 1201 554 1270 legitur:
577 1223 591 1251 a
606 1198 890 1256 Aufereturavobis
941 1227 955 1254 a
973 1204 1125 1260 dantesin
1141 1205 1286 1259 mundum
1312 1203 1482 1261 universum
1508 1206 1664 1278 prodiente
1676 1206 1771 1262 Evau-

57 1306 196 1363 regnum,
211 1297 241 1346 et
264 1290 384 1346 dabitur
406 1289 545 1363 gentibus
569 1287 744 1345 facientibus
759 1287 888 1342 fructum
940 1291 1048 1366 getium
1064 1293 1144 1349 omni
1155 1299 1305 1349 creature.
1319 1292 1374 1358 Qui
1386 1291 1544 1348 crediderit
1558 1298 1587 1349 et
1600 1292 1769 1366 baptizatus

57 1379 329 1451 01⁰⁸(Wi·¹¹¹l·
345 1400 360 1428 n
385 1379 440 1434 8οᾱ
466 1382 495 1434 θῑ
518 1377 582 1450 ῑΡῦθ
604 1376 740 1432 Christus
764 1389 889 1447 regnum
940 1381 1038 1447 luerit,
1054 1381 1153 1437 salvus
1169 1380 1244 1448 erit;
1260 1381 1310 1452 qui
1327 1385 1427 1436 autem
1443 1396 1501 1436 non
1517 1380 1684 1449 crediderit,
1696 1396 1768 1439 con·

56 1467 108 1524 Dei
125 1472 224 1539 potest
239 1465 547 1539 intelligisecundum
561 1465 648 1521 illud:
664 1467 719 1520 rSi
734 1479 788 1536 ego
803 1463 832 1519 in
844 1463 888 1518 di·
940 1470 1130 1525 damnabitur
1143 1469 1246 1541 (Marc.
1261 1469 1330 1540 m),
1348 1490 1363 1518 ι
1389 1468 1421 1524 tlt
1446 1469 1573 1524 iterum:
1600 1491 1611 1519 ι
1628 1456 1702 1533 Quia
1724 1469 1767 1526 vi.

55 1558 119 1629 gito
139 1557 190 1612 Dei
205 1556 290 1629 ejicio
306 1555 462 1621 demonia,
476 1559 631 1630 propterea
645 1555 777 1626 pervenit
791 1552 821 1609 in
837 1567 888 1607 vos
940 1558 1010 1614 disti
1020 1574 1076 1624 me,
1089 1558 1211 1626 Thema,
1224 1557 1384 1626 credidisti,
1397 1558 1472 1613 beati
1484 1558 1534 1630 qui
1547 1572 1604 1614 non
1616 1557 1765 1631 viderunt,

56 1662 184 1719 ragnum
199 1645 249 1703 tici
263 1646 368 1709 (dciii.
384 1647 447 1717 ιιι).
466 1668 480 1696 ιι
505 1646 540 1701 iti
565 1647 665 1701 statim
681 1648 748 1715 posi
759 1643 824 1713 ejus
839 1658 887 1698 re·
938 1653 968 1705 et
980 1648 1167 1705 cediderunt
1179 1648 1276 1718 (ioan.
1293 1649 1350 1719 xx).
1368 1669 1383 1697 »
1400 1647 1474 1703 nudi
1496 1646 1766 1721 aequanimitate

56 1736 272 1792 surrectionem
287 1740 384 1808 potest
399 1734 491 1806 accipi
507 1749 629 1806 regnum
643 1731 794 1803 llei‚jurta
808 1730 886 1803 quod
940 1740 975 1792 da
999 1753 1088 1809 regno
1109 1737 1287 1809 scriptura:
1316 1759 1331 1788 u
1348 1736 1765 1811 Incipiensaldoyaeelpro·

56 1827 123 1884 ait:
150 1846 167 1875 «
180 1825 243 1881 Non
260 1824 477 1880 bibamamodo
499 1823 535 1878 de
558 1823 613 1879 boc
636 1821 784 1895 genimine
806 1820 884 1887 vitis,
942 1826 1038 1899 pinetis
1049 1826 1298 1899 interpretabatur
1311 1824 1371 1881 illia
1387 1841 1450 1897 que
1465 1829 1501 1882 de
1515 1826 1580 1898 ipso
1595 1829 1693 1893 erant;
1710 1829 1767 1883 »et
1846 1896 1852 1903 ,

56 1917 153 1972 donec
169 1914 270 1970 bibam
285 1912 358 1969 illud
373 1912 526 1969 vobiscum
543 1928 649 1968 novum
669 1914 700 1966 in
726 1925 814 1982 regno
831 1913 884 1964 Pa·
941 1917 1007 1972 ideo
1031 1916 1162 1971 iteruin:
1189 1938 1204 1966 a
1219 1915 1343 1971 Necesse
1365 1920 1410 1970 cst
1434 1914 1551 1988 impleri
1575 1915 1676 1971 omnia
1701 1931 1766 1987 qua

56 2005 110 2060 tria
136 2004 196 2060 mei
221 2002 325 2073 (datii.
341 2004 428 2072 xxii).
445 2024 459 2053 ιι
486 2001 564 2058 Licet
587 2017 656 2074 ergo
681 1997 886 2072 multipliciter
940 2007 1049 2078 scripta
1065 2009 1135 2061 sunt
1150 2005 1180 2059 in
1195 2004 1258 2075 tege
1274 2004 1376 2077 Moysi,
1393 2008 1422 2059 el
1433 2004 1587 2076 prophetis
1600 2009 1629 2060 et
1641 2003 1768 2074 psalmia

54 2088 885 2166 manumsseidietinsuetuaChristuetamensecundum
939 2096 975 2152 re
991 2111 1046 2150 me.
1064 2094 1147 2149 Tunc
1168 2093 1286 2165 aperitis
1301 2092 1508 2160 illicientium,
1523 2092 1768 2166 cointelligatur
1823 2126 1826 2132 -

52 2184 108 2241 bec
133 2189 263 2256 quatuor
287 2183 382 2239 modis
405 2186 472 2254 post
486 2181 728 2238 resurrectionem
745 2196 830 2236 eueni
846 2177 885 2233 lo·
938 2183 1120 2255 scripturam
1136 2183 1212 2255 (Luc.
1230 2181 1320 2252 xxiv).
1338 2203 1349 2233 ι

53 2278 142 2329 cutus
164 2277 210 2330 est
235 2270 376 2343 apostolis
400 2272 463 2327 suis
487 2271 523 2326 de
546 2286 636 2343 regno
658 2269 719 2325 Dei.
744 2269 820 2324 Audi
849 2268 885 2323 de
974 2271 1766 2344 ttrcebreviterassignavimus,qnaderesurrectione

53 2361 165 2433 primo,
194 2360 308 2417 scilicet
333 2363 368 2416 de
397 2375 486 2431 regno
514 2358 690 2415 universalis
725 2357 882 2414 Ecclesia:
938 2361 1046 2419 Christi
1070 2360 1233 2416 secuudum
1258 2362 1346 2417 tidem
1374 2362 1520 2433 pertinent
1540 2361 1577 2417 ad
1596 2360 1765 2418 instructio·

53 2472 67 2500 ιι
84 2451 210 2515 Euntes,
227 2446 327 2506 docete
340 2465 444 2506 omnes
463 2454 575 2521 gentes,
591 2447 774 2518 baptizantes
789 2462 838 2502 eos
853 2445 883 2502 in
938 2466 1003 2506 nem
1022 2449 1162 2506 scientie.
1180 2449 1293 2520 Majora
1307 2455 1405 2506 autem
1422 2453 1491 2506 sunt
1505 2448 1565 2516 illa,
1583 2465 1762 2521 quasecnn·

53 2540 176 2596 nomine
190 2537 297 2604 Patris,
308 2543 337 2594 et
350 2537 427 2608 Filii,
438 2542 468 2594 et
482 2538 609 2610 epiricus
624 2536 728 2602 sancti,
746 2537 883 2592 docentes
938 2539 1008 2593 dum
1022 2554 1118 2594 mores
1134 2537 1326 2609 pertinentad
1337 2536 1562 2593 instructionem
1572 2536 1762 2609 vitoe,quibus

53 2644 103 2685 eos
132 2642 252 2685 servare
276 2625 374 2684 omnia
401 2642 465 2698 que
488 2626 625 2683 mandavi
648 2625 742 2694 vobis,
766 2628 794 2680 et
818 2639 884 2679 eece
938 2624 1763 2698 eliasipsoactoredocemur,quidocetomnemscien·

54 2732 106 2790 ego
122 2716 277 2773 vobiscum
292 2733 360 2773 sum
375 2717 514 2773 omuibus
533 2715 637 2771 diebus
651 2731 745 2786 usque
760 2714 796 2770 ad
811 2730 883 2769 con·
937 2714 1008 2770 tiam
1024 2713 1169 2771 Dominus
1183 2714 1269 2770 lesus
1285 2712 1488 2786 cbristus,qui
1503 2716 1649 2785 estsuper
1663 2711 1764 2771 omnia

55 2806 287 2867 summationem
301 2806 403 2866 saculi
414 2807 519 2880 (tuit.
529 2809 665 2879 xxviiii.»
681 2811 742 2863 ttoc
757 2822 882 2880 regnum
937 2809 1015 2862 Deus
1029 2804 1204 2862 benedictus
1219 2804 1250 2861 in
1265 2804 1373 2862 wacta
1387 2802 1571 2862 seculorum.
1589 2809 1692 2861 Amen.

771 3122 921 3192 SERMO
952 3123 1043 3190 XXI.

555 3293 744 3354 contiuua
769 3291 946 3354 SECUNDA
972 3292 1071 3354 Posr
1094 3292 1257 3354 PASGHA.

55 3451 96 3515 tle
111 3451 244 3515 conitere
255 3455 386 3535 portoria
402 3454 527 3528 Christi,
544 3453 579 3515 de
593 3455 703 3516 acamoe
724 3451 841 3533 triplici
862 3455 1029 3535 acceptione
1043 3454 1074 3513 ia
1090 3453 1271 3533 scripturis,
1288 3454 1325 3516 de
1349 3455 1465 3536 triplici
1479 3452 1617 3516 alimento
1631 3467 1690 3531 quc
1703 3465 1757 3508 acc

521 3536 617 3618 percit
632 3534 781 3606 t'tieics,
798 3544 827 3595 et
839 3532 875 3594 de
888 3535 1084 3611 mercenario,
1102 3538 1170 3617 lupo
1184 3545 1213 3597 et
1224 3555 1288 3597 oce.

90 3887 149 3954 fleo
174 3899 239 3940 aum
262 3889 358 3957 parter
386 3885 480 3942 locas.
510 3888 601 3943 Bonas
632 3894 723 3959 paeto·
757 3885 921 3953 animarat}
941 3884 1005 3942 fons
1018 3891 1046 3943 et
1061 3887 1143 3960 origo
1157 3888 1313 3946 bonorum.
1329 3888 1446 3958 Propter
1462 3880 1541 3956 qaod
1558 3881 1620 3952 ipse
1631 3876 1762 3935 dicebat:

58 3989 136 4031 mm
150 3974 202 4031 ‘W
214 3991 267 4046 ΡΜ
283 3976 378 4032 ⁰1¹th
393 3976 451 4034 tuit
466 3978 554 4049 (loan-
569 3977 606 4049 v).
734 4032 737 4039 ‚
942 3992 953 4022 r
971 3975 999 4030 Si
1017 3992 1077 4044 voa,
1088 3992 1155 4032 cum
1169 3977 1235 4033 aitis
1247 3976 1327 4042 mali,
1340 3974 1435 4031 noetis
1447 3973 1522 4028 bona
1536 3967 1683 4025 datadare
1694 3963 1763 4020 otiis

89 4065 268 4122 Parabolice
280 4066 487 4125 similitudinis
502 4069 684 4141 propositum
701 4067 882 4140 paradigma,
937 4052 1762 4137 vestria3quantomagisPatervestercoeleatisdabitspi·

57 4153 90 4211 de
105 4156 290 4211 mercenario
305 4159 334 4212 et
349 4162 476 4227 pastore,
495 4156 575 4230 lupis
589 4162 618 4214 et
631 4157 745 4226 ovibus,
759 4173 814 4226 me,
826 4159 882 4211 tra·
938 4152 1027 4207 ritum
1039 4154 1207 4224 petentibus
1222 4169 1254 4209 ae
1268 4152 1345 4224 (duc.
1355 4151 1406 4222 xi).
1419 4170 1433 4198 ιι
1449 4147 1522 4203 Nam
1534 4168 1548 4196 ι(
1560 4148 1591 4200 et
1601 4140 1673 4196 vidit
1682 4139 1761 4196 Deus
1875 4182 1878 4187 .

57 4243 114 4299 tres
129 4245 158 4298 at
174 4242 239 4309 titii,
254 4242 339 4300 valde
355 4250 515 4316 perterret3
533 4247 604 4318 quia
625 4264 665 4303 vae
689 4245 761 4302 mibi
784 4248 840 4310 est,
856 4244 881 4300 si
937 4246 1044 4296 cuncta
1059 4259 1121 4314 qum
1137 4242 1254 4308 iecerat,
1269 4245 1297 4296 et
1312 4244 1396 4296 erant
1410 4235 1493 4292 valde
1508 4235 1585 4290 bona
1597 4234 1677 4300 (dea.
1689 4230 1732 4297 ιι).
1743 4250 1759 4279 ιι

56 4329 129 4387 torte
142 4329 201 4387 sim
217 4331 335 4389 nemine
352 4338 463 4406 pastor,
479 4342 508 4390 et
521 4351 607 4406 opere
623 4333 821 4390 mercenarius
834 4350 840 4400 ;
857 4332 883 4388 ai
937 4330 1003 4400 lpse
1018 4328 1113 4385 bonus
1127 4335 1172 4386 est
1185 4330 1214 4384 in
1229 4327 1340 4395 officim
1352 4327 1421 4400 quia
1432 4324 1518 4381 bacar
1529 4324 1622 4395 partor
1636 4317 1762 4374 acimaas

57 4421 196 4478 meritum
218 4422 365 4494 discrepat
387 4424 424 4480 ab
448 4424 554 4491 alticio,
569 4425 592 4480 ai
616 4425 674 4481 vita
697 4423 844 4480 discordat
866 4438 883 4478 a
936 4433 1015 4472 tuam
1036 4417 1082 4473 dat
1103 4434 1154 4487 prii
1174 4419 1270 4474 ociter
1283 4417 1352 4473 acic.
1369 4416 1404 4471 tii
1418 4414 1480 4486 ipae
1495 4411 1614 4485 quidem
1630 4406 1760 4464 animm

57 4508 171 4580 lingua.
200 4511 226 4566 li
249 4510 326 4567 ircim
348 4520 388 4568 eet
414 4516 514 4584 pastor
541 4513 638 4580 bocca,
662 4511 729 4585 quia
756 4514 882 4569 animam
936 4523 1021 4563 suam
1045 4508 1136 4572 dedit,
1153 4524 1211 4564 non
1226 4507 1323 4564 solum
1342 4521 1395 4578 pro
1416 4502 1519 4574 justia,
1536 4500 1587 4557 sed
1602 4497 1692 4556 etiem
1707 4511 1760 4569 pro

56 4614 136 4655 mam
153 4597 204 4654 dat
222 4614 273 4671 pre
296 4601 393 4657 mitur
412 4601 483 4658 rats.
500 4601 571 4669 Quis
586 4606 684 4658 autem
698 4601 738 4657 sit
751 4600 809 4657 ille.
829 4602 881 4657 Do·
936 4595 1067 4667 injustis.
1085 4618 1099 4646 a
1115 4596 1189 4661 Quia
1202 4594 1338 4655 cbristus
1354 4597 1491 4649 mortuns
1505 4592 1551 4646 est
1564 4603 1616 4661 pre
1631 4583 1760 4658 peccetis

57 4688 156 4745 minue
184 4690 313 4747 ostendit
336 4708 403 4748 cum
426 4693 468 4748 ait
483 4710 490 4749 ι
507 4694 561 4764 lico
581 4709 644 4749 rum
666 4703 761 4765 purior
784 4695 880 4748 torar.
936 4686 1171 4755 nostris,justus
1195 4702 1246 4757 pro
1271 4682 1401 4755 injustis,
1416 4685 1450 4737 ut
1473 4696 1527 4735 nos
1551 4676 1667 4734 olierret
1689 4673 1759 4772 Dec,

56 4777 129 4842 Quis
144 4779 224 4836 enim
240 4780 335 4836 honus
350 4787 383 4837 uc
397 4781 483 4854 ipse?
498 4781 597 4838 Bonus
612 4783 641 4838 in
659 4788 774 4852 natura,
787 4782 881 4838 bonus
935 4774 1127 4830 mortificatos
1150 4773 1269 4845 quidem
1294 4785 1393 4838 carne,
1409 4766 1569 4824 vivificatos
1583 4766 1679 4819 autem
1700 4776 1759 4859 epi·

56 4867 85 4923 in
111 4867 226 4938 effectu,
243 4869 338 4926 bonus
354 4869 383 4925 in
399 4870 504 4927 officio.
520 4874 654 4943 Namque
669 4886 725 4926 non
741 4876 785 4927 est
800 4869 880 4925 atiud
935 4864 992 4919 ritu
1009 4865 1031 4934 (t
1045 4864 1118 4920 Patr.
1130 4863 1181 4933 ιιι).
1193 4884 1207 4912 ιι
1219 4860 1283 4917 Non
1299 4859 1394 4916 solum
1411 4872 1463 4929 pro
1478 4853 1592 4921 amicis,
1604 4850 1654 4907 sed
1671 4853 1756 4903 ‘imm

55 4957 260 5029 essebonum,
283 4975 373 5030 quam
388 4975 468 5027 esse;
485 4975 554 5015 cam
569 4961 633 5032 ejus
650 4959 766 5016 benitas
781 4958 821 5015 sit
834 4975 881 5015 ea·
935 4971 987 5028 pro
1003 4953 1142 5010 inimicis.
1158 4953 1232 5020 Quis
1256 4973 1270 5003 a
1285 4966 1351 5007 cum
1366 4947 1481 5006 inimici
1496 4957 1639 5007 essemus,
1654 4953 1756 5036 recon-

54 5043 161 5101 sentia.
178 5045 361 5118 Quapropter
384 5047 448 5118 ipae
470 5047 568 5103 bonus
590 5053 636 5103 est
659 5063 711 5118 per
732 5051 880 5109 naturam,
934 5044 1026 5101 ciliati
1047 5061 1152 5100 sumus
1166 5044 1195 5099 in
1211 5041 1355 5113 sanguine
1370 5040 1434 5110 ejus
1449 5038 1537 5109 (liora.
1552 5033 1591 5105 c).
1607 5053 1623 5082 ιι
1647 5028 1759 5084 «Lavit

53 5130 143 5190 bomo
159 5133 255 5191 bonus
271 5151 322 5208 per
336 5135 474 5209 gratiam.
485 5136 549 5207 lpse
564 5136 659 5193 bonus
674 5135 879 5202 essentialiter,
934 5134 1013 5190 enim
1030 5150 1111 5189 noea
1126 5132 1254 5206 peccatis
1269 5128 1377 5187 nostris
1392 5129 1422 5184 in
1439 5123 1581 5198 sanguine
1596 5135 1650 5176 suc
1665 5117 1757 5189 (apoc.

54 5220 143 5278 bomo
163 5223 261 5280 bonus
283 5223 513 5280 accidentaliter.
529 5224 649 5297 Propter
662 5226 739 5297 quod
757 5226 820 5297 ipse
834 5225 878 5281 di·
895 5250 919 5317 ὓ
934 5226 965 5297 ι).
980 5248 994 5275 ιι
1011 5225 1033 5281 Ο
1049 5230 1161 5299 quanta
1179 5223 1281 5293 gratie,
1298 5225 1442 5294 quantum
1467 5217 1589 5281 donum,
1606 5213 1639 5266 ut
1657 5208 1759 5281 justus

54 5311 158 5367 cebet:
175 5334 190 5362 a
205 5312 296 5369 Nemo
312 5313 419 5382 bonus',
432 5313 487 5370 nisi
504 5315 586 5371 solue
601 5315 679 5372 Deus
693 5320 793 5386 (Marc.
809 5320 847 5385 ιι).
863 5335 877 5367 ι
935 5333 987 5388 pro
1009 5317 1139 5387 injustis,
1155 5313 1269 5371 amicus
1293 5326 1345 5383 pro
1366 5307 1494 5364 inimicis
1519 5302 1648 5358 animam
1673 5311 1760 5355 suam

57 5401 121 5472 ¹9⁸⁰
136 5403 234 5461 b⁰¹³⁰⁸
248 5411 294 5462 0⁸i
308 5405 338 5461 in
353 5404 468 5471 ellectu,
478 5404 548 5476 (tuiti
564 5423 676 5465 «omne
691 5409 792 5464 datum
808 5408 882 5480 opti·
935 5406 1036 5475 daret3
1061 5404 1121 5460 imo
1147 5403 1289 5459 Dominus
1311 5414 1362 5471 pro
1386 5395 1486 5462 servis,
1503 5395 1580 5450 Deus
1595 5406 1647 5464 pre
1662 5385 1761 5447 hemi·

57 5505 152 5560 mum,
173 5498 204 5550 et
227 5509 313 5551 omne
336 5492 446 5550 donum
472 5495 632 5566 perlectum
657 5498 813 5554 desursum
838 5504 883 5553 est
936 5496 1035 5562 uibus,
1049 5497 1167 5551 Creator
1182 5509 1234 5565 pro
1249 5486 1400 5546 creaturis.

57 5577 242 5642 descendens
263 5598 281 5641 a
303 5582 389 5641 Patre
412 5581 562 5643 luminum
585 5587 653 5657 (lac.
669 5589 708 5662 ι);
726 5606 739 5641 ι
764 5586 816 5660 qut
837 5588 883 5643 est
972 5585 1180 5643 Provideamus
1195 5597 1264 5655 ergo
1279 5577 1374 5647 nobis,
1391 5592 1427 5635 ne
1444 5578 1529 5634 tanta
1545 5570 1645 5648 gretie
1662 5567 1758 5630 simus
