3796 5986
56 266 110 323 449
546 267 672 326 OERMO
688 266 792 332 xxlx,
811 266 850 322 IN
868 262 1088 323 consecter.
1108 267 1274 323 usmis.
1713 262 1767 324 450

57 394 97 451 ait
111 410 119 451 ι
133 415 147 448 ι
163 394 266 466 Petite,
281 400 310 452 et
332 395 452 453 dabitur
474 394 559 450 vobis
576 412 583 450 :
599 392 730 466 quarite,
750 395 780 447 et
800 390 882 446 inve·
898 391 925 458 Α
940 388 1051 461 peccati
1076 388 1177 459 (dccli.
1202 390 1247 463 x);
1273 392 1392 460 ostium,
1422 393 1675 465 concupiscentia,
1700 409 1765 465 quas

58 483 143 540 uictis
159 500 166 539 :
184 482 312 556 pulsate,
330 489 359 541 et
383 484 531 556 aporiatur
550 479 889 552 vobisltuc.x1).»Per
941 477 1048 534 militat
1067 480 1208 537 adversus
1233 482 1378 549 animam3
1405 482 1614 552 pavimentum,
1631 482 1765 549 avaritia,

60 573 237 630 charitatem
263 575 382 645 suscepit
407 574 487 630 illam
511 573 652 643 guadeas:
667 570 796 626 charitas
810 567 889 625 enim
940 583 1006 639 quae
1018 579 1063 624 ast
1076 567 1220 627 idolorum
1238 571 1364 627 servitus
1379 571 1451 643 (Gal.
1467 571 1511 643 v);
1532 575 1660 643 quatuor
1676 570 1767 627 latera

60 662 295 736 gaudebat,quia
306 664 459 719 veritatem
476 662 665 734 suscipiebat.
675 659 729 715 Per
739 658 886 730 iustitiam
941 656 1097 729 parietum,
1113 665 1183 714 suut
1198 664 1325 731 quatuor
1344 677 1450 731 genera
1471 666 1666 729 peccatorum,
1684 659 1767 715 vide·

63 752 191 807 reddidit
215 751 436 824 quadruplum3
463 750 531 823 quia
555 766 641 806 nemo
662 748 844 819 justificatur
872 764 889 803 a
940 745 1008 803 lieet
1024 754 1176 818 peccatum
1199 748 1378 820 tragilitatis,
1396 765 1447 821 per
1461 750 1684 822 impotentiam;
1701 765 1767 821 pec·

62 840 156 912 culpa,
174 840 231 897 nisi
255 842 392 896 restituat
406 839 513 896 aliena.
529 839 583 894 Per
608 838 809 894 tortitudinem
826 842 888 892 sta·
940 841 1038 892 catum
1064 837 1275 909 simplicitatis,
1296 854 1347 910 per
1375 837 1588 909 ignorantiam
1613 842 1766 909 peccalum

61 930 117 994 bat,
134 946 193 984 uon
215 929 335 1000 jacebat
358 935 391 984 ut
414 929 532 997 debilis,
548 928 599 983 sed
624 926 721 983 stabat
738 932 770 980 ut
786 926 887 990 lortis;
940 925 1118 996 securitatis,
1135 942 1186 998 per
1211 926 1434 1000 negligentiam
1451 931 1480 983 el
1504 932 1656 999 peccatum
1679 925 1767 982 mali·

61 1034 122 1072 nam
141 1023 172 1072 et
185 1018 272 1073 Jesus
289 1022 321 1073 ut
345 1016 531 1089 Stephanum
556 1015 748 1080 confortaret,
765 1032 823 1069 uon
837 1030 888 1085 ap·
940 1015 1074 1086 gnitatis,
1089 1032 1141 1087 per
1156 1015 1357 1073 iuvidentiam.
1374 1018 1407 1073 ln
1427 1017 1514 1072 domo
1530 1020 1643 1072 naturas
1658 1016 1766 1072 lunda-

59 1106 153 1178 paruit
168 1107 194 1162 ei
217 1107 335 1171 sedens,
351 1107 402 1162 sed
428 1112 511 1162 stans
527 1122 534 1160 :
549 1126 563 1156 ιι
579 1106 661 1172 Ecce,
678 1104 786 1176 iuquit,
801 1103 886 1158 video
940 1109 1074 1160 mentum
1089 1111 1135 1160 est
1157 1105 1241 1176 ratio,
1258 1111 1367 1161 tectum
1385 1104 1538 1173 memoria,
1551 1104 1660 1160 ostium
1676 1103 1765 1160 intel-

59 1196 144 1253 ccalos
170 1201 298 1265 apertos,
322 1200 350 1251 et
372 1196 475 1252 lesum
506 1199 633 1251 stantem
658 1212 676 1251 a
699 1194 810 1249 dextris
836 1191 888 1262 Dei
939 1190 1043 1258 lectus,
1072 1193 1272 1264 pavimentum
1302 1193 1451 1261 voluntas,
1476 1198 1602 1264 quatuor
1629 1191 1766 1249 laterales

59 1289 121 1353 tlct.
148 1286 213 1357 vir).
226 1307 241 1335 »ι
260 1284 314 1340 Per
336 1285 523 1356 prudentiam
551 1284 630 1340 dedit
654 1282 844 1356 pauperibus,
861 1287 890 1336 at
940 1281 1077 1353 parietes,
1089 1286 1216 1353 quatuor
1231 1282 1381 1339 naturales
1396 1282 1531 1350 allectus,
1542 1281 1631 1338 timor
1644 1287 1673 1338 et
1688 1298 1767 1354 spes,

58 1375 187 1431 reddidit
212 1374 411 1442 defraudatis,
428 1375 508 1429 dedit
532 1373 697 1445 proprium,
713 1378 741 1427 et
763 1371 890 1426 reddidit
942 1370 1026 1427 dolor
1040 1375 1069 1426 et
1082 1370 1235 1443 gaudium.

57 1464 198 1520 alienum.
210 1463 344 1519 Graviter
354 1479 422 1533 ergo
438 1467 570 1535 peccant,
584 1465 635 1533 qui
646 1461 777 1516 decimas
792 1465 820 1516 et
832 1459 889 1530 pri·
975 1458 1045 1515 lliac
1055 1460 1172 1532 capiunt
1187 1458 1320 1525 homines,
1335 1463 1461 1515 metuunt
1474 1458 1768 1530 puadudqaedolent-

55 1554 156 1609 mitiss
171 1569 230 1609 nou
247 1552 375 1607 reddunt
394 1551 610 1616 sacerdotibus,
628 1549 746 1604 sedeas
766 1565 818 1622 pro
834 1564 889 1604 sua
939 1566 1000 1621 pac.
1018 1549 1049 1604 ln
1076 1551 1163 1605 domo
1179 1548 1290 1621 gratiae,
1308 1548 1534 1604 laudamentum
1559 1552 1602 1602 ast
1627 1548 1709 1604 ludes.
1727 1547 1767 1605 De

54 1643 207 1698 voluntate
221 1641 406 1697 distribuunt
426 1640 637 1710 indigentibus.
651 1639 705 1694 Per
720 1644 887 1709 temperan·
940 1654 998 1709 qua
1021 1639 1092 1694 dicit
1116 1637 1276 1710 Apostolus
1293 1654 1326 1692 :«
1351 1637 1436 1692 Fides
1461 1642 1507 1693 est
1529 1637 1698 1693 substantia
1724 1653 1768 1693 rs-

54 1732 124 1787 liam
141 1730 226 1785 dedit
238 1746 295 1785 non
307 1734 412 1797 toturn,
429 1728 479 1783 sed
492 1727 645 1783 dimidiam
661 1731 789 1799 partem;
805 1725 924 1823 deditB
940 1743 1005 1782 rum
1021 1727 1249 1799 sperandarum,
1263 1732 1470 1796 argumentum
1487 1742 1545 1781 non
1561 1725 1767 1798 apparentium

53 1819 216 1892 superllua,
228 1818 390 1874 atratinuit
406 1817 579 1881 necessaria,
592 1817 706 1872 dicente
722 1814 883 1888 propheta:
939 1816 1030 1879 tlletr.
1046 1819 1096 1885 xi).
1112 1836 1127 1868 a
1145 1817 1267 1871 Tectum
1293 1820 1338 1871 est
1362 1814 1500 1881 charitas,
1516 1815 1552 1870 de
1567 1832 1626 1887 qua
1640 1814 1768 1873 lacobus

57 1908 156 1965 acum
172 1907 282 1964 videris
299 1906 424 1972 nudum,
435 1906 516 1979 operi
532 1922 611 1970 eum,
623 1911 651 1960 et
667 1919 784 1960 carnem
801 1910 884 1958 tuam
937 1906 978 1961 ait
995 1922 1001 1960 :
1018 1929 1032 1954 ιι
1046 1906 1180 1962 charitas
1204 1906 1298 1977 operit
1327 1903 1551 1960 multitudinem
1576 1910 1764 1976 peccatorum

55 2015 89 2054 ne
102 1996 274 2070 despexeris
286 1993 349 2067 (lea.
365 1998 547 2061 evirataPer
558 1992 754 2049 obedientiam
767 1990 886 2047 lustina·
938 1994 1087 2066 (luc.v).·
1113 1994 1240 2066 Ostium,
1271 1992 1448 2062 obedientia,
1477 1993 1512 2048 de
1539 2010 1598 2064 qua
1623 1992 1767 2049 Dominus

54 2088 103 2156 vit,
120 2083 425 2158 scriptumestenim
442 2100 477 2137 :«
494 2082 665 2140 Obadientia
687 2081 884 2137 sinemora.»
937 2084 1030 2139 aitzu
1049 2082 1077 2139 Si
1104 2083 1148 2139 vis
1177 2083 1287 2139 intrare
1316 2084 1350 2138 ad
1381 2083 1483 2150 vitam,
1514 2097 1599 2138 serva
1627 2082 1769 2138 mundata

55 2181 107 2233 Per
122 2174 325 2231 humilitatem
349 2170 884 2244 descendit;quoniamauuisohu·
937 2173 1043 2244 (lluttlt.
1072 2175 1174 2241 mxl.»
1203 2171 1417 2239 Parimentum,
1446 2168 1613 2238 humilitas,
1643 2170 1679 2226 de
1706 2186 1765 2242 qua

56 2264 164 2334 miliat,
181 2262 369 2331 exaltabitur,
386 2266 415 2317 et
430 2261 480 2335 qui
498 2277 529 2317 aa
544 2260 662 2328 exaltat,
680 2257 886 2315 humiliabitur
937 2261 1113 2318 Psalmista:
1128 2283 1142 2311 ιι
1157 2261 1286 2318 Adhaesit
1301 2260 1468 2333 pavimento
1481 2259 1580 2315 anima
1595 2275 1660 2314 mea
1677 2260 1766 2331 [psat.

55 2354 131 2426 (Lac.
160 2353 255 2424 xvur).
273 2373 288 2402 s
306 2351 359 2407 Per
387 2349 619 2422 hospitalitatem
645 2365 712 2404 cum
737 2347 885 2403 hilaritate
937 2355 1044 2419 cxvru).
1061 2375 1071 2399 ι
1089 2350 1219 2415 Ouatuor
1243 2347 1380 2405 laterales
1404 2348 1529 2420 parietes
1545 2352 1615 2404 suut
1639 2351 1767 2419 quatuor

57 2441 191 2513 suscepit
209 2456 278 2497 eum
301 2441 449 2513 gaudens;
465 2438 605 2510 quoniam
622 2460 636 2487 «
654 2437 776 2493 hilarem
801 2437 884 2492 dato·
938 2438 1114 2512 principales
1143 2438 1278 2505 virtutes,
1303 2437 1433 2509 justitia,
1460 2436 1611 2506 tortitudo,
1634 2436 1765 2509 pruden-

55 2548 114 2588 tem
132 2528 234 2603 diligit
255 2529 367 2585 Deus.»
385 2532 440 2583 Per
455 2526 688 2584 misericordiam
711 2543 778 2582 cum
794 2525 885 2598 largi·
936 2526 988 2594 tia,
1004 2528 1208 2599 temperantia.
1222 2526 1287 2581 Hac
1304 2529 1374 2582 sunt
1389 2526 1418 2580 in
1435 2523 1609 2598 Apocalypsi
1627 2526 1763 2606 (capax)

54 2625 112 2677 lats
127 2619 289 2676 dimidium
307 2619 450 2673 bonorum
464 2632 584 2672 suorum
596 2617 677 2672 dedit
692 2615 883 2688 pauperibus,
937 2621 1065 2687 quatuor
1091 2616 1183 2671 latera
1210 2615 1337 2671 civitatis
1365 2613 1498 2685 aqualia.
1525 2617 1669 2670 taenestra
1695 2617 1767 2670 aunt

56 2709 165 2765 clideo
183 2707 332 2778 «justitia
355 2708 420 2777 ejus
440 2710 541 2761 manet
564 2705 594 2759 in
618 2703 761 2760 saeculum
785 2702 884 2759 saeculi
937 2705 1123 2778 hospitalitas
1147 2720 1214 2760 cum
1238 2703 1397 2771 hilaritate,
1418 2709 1447 2760 et
1472 2702 1673 2759 misericordia
1694 2719 1761 2759 cum

54 2798 142 2869 (Ptol.
158 2798 229 2867 cxx).
244 2797 415 2868 »Scriptum
431 2801 477 2850 est
490 2797 570 2850 enim
588 2811 622 2850 :«
638 2793 709 2849 Date
723 2793 885 2864 eleemosy·
936 2794 1082 2866 largitate.
1108 2798 1172 2850 Haec
1196 2800 1241 2850 est
1264 2794 1381 2863 domus,
1397 2792 1432 2848 de
1456 2809 1515 2864 qua
1539 2790 1682 2848 Dominus
1697 2791 1739 2848 ait
1755 2810 1762 2849 ε

55 2904 136 2953 nam,
151 2892 181 2942 et
196 2900 262 2941 ecce
287 2885 386 2939 omnia
408 2883 517 2939 nrunda
532 2889 603 2939 suut
618 2883 700 2938 vobis
716 2883 791 2955 (tac.
808 2884 855 2950 u);
869 2902 884 2930 a
937 2907 951 2934 ιι
968 2884 998 2939 Si
1014 2882 1080 2955 quis
1096 2882 1193 2955 diligit
1218 2898 1275 2951 me,
1291 2897 1442 2937 sermones
1467 2896 1547 2938 meos
1573 2880 1718 2950 servabit;
1736 2883 1764 2937 el

56 2976 127 3049 quia
142 2995 153 3024 ι
170 2974 248 3031 siout
259 2989 335 3045 aqua
349 2972 508 3040 exstinguit
523 2972 631 3043 ignem,
643 2971 685 3027 ila
699 2971 886 3041 eleemosyna
937 2972 1022 3029 Pater
1043 2989 1126 3028 meus
1151 2970 1253 3042 diliget
1268 2987 1348 3038 eum,
1365 2974 1394 3025 et
1413 2970 1449 3025 ad
1466 2985 1535 3026 eum
1558 2969 1723 3042 veniemus,
1738 2972 1768 3027 et

56 3062 218 3135 exstinguit
246 3067 398 3134 peccatum
430 3061 526 3133 (dccli.
548 3064 602 3129 111).
615 3084 629 3111 »
644 3059 715 3126 Quis
739 3065 881 3127 nostrum,
938 3062 1124 3118 mansionem
1139 3061 1216 3133 apud
1232 3076 1299 3116 eum
1316 3058 1459 3115 iaciemus
1475 3060 1565 3129 (toan.
1581 3058 1652 3131 xiv).
1666 3080 1680 3109 ιι

55 3151 237 3217 charissimi,
254 3167 310 3206 nou
335 3150 399 3207 dico
414 3149 582 3218 dimidium,
599 3150 649 3205 sed
673 3149 718 3205 vel
733 3154 882 3221 quartum,
898 3126 920 3194 (ἶ
974 3155 1082 3208 Verum
1098 3154 1127 3206 et
1142 3149 1203 3205 hac
1218 3165 1302 3207 sacra
1316 3148 1438 3205 basilica
1455 3149 1561 3204 domus
1575 3151 1620 3204 est
1633 3147 1766 3205 numinis

55 3244 97 3300 rel
114 3248 245 3312 sextum,
256 3239 301 3296 vel
324 3240 412 3296 etiam
428 3239 636 3295 duodecimum
652 3239 760 3312 satagit
775 3255 884 3310 paupe·
937 3245 966 3297 et
984 3239 1129 3313 templum
1156 3237 1219 3306 Dei,
1234 3239 1271 3294 de
1295 3254 1354 3312 qua
1378 3237 1522 3309 Dominus
1546 3237 1588 3293 ait
1603 3253 1611 3293 t
1626 3257 1640 3290 ι
1657 3238 1767 3295 Domus

54 3332 138 3389 ribus
160 3327 299 3401 erogaret
314 3329 435 3396 Quando
451 3328 614 3384 secundum
639 3328 796 3384 consilium
812 3327 883 3384 lesu
938 3344 1012 3399 mea,
1038 3328 1145 3383 domus
1169 3326 1311 3383 orationis
1335 3325 1488 3382 vocabitur
1511 3326 1575 3399 (lec.
1593 3343 1652 3395 uv1;
1668 3326 1762 3383 daut.

937 3418 1007 3489 xxi).
1021 3437 1033 3467 a
1052 3419 1083 3473 ln
1099 3417 1175 3473 hauc
1189 3416 1308 3472 domum
1324 3415 1411 3471 hodie
1423 3414 1501 3471 venit
1515 3415 1603 3471 lesus
1619 3432 1671 3488 per
1685 3416 1763 3472 dedi·

937 3506 1062 3564 cationis
1086 3507 1224 3578 gratiam,
1240 3509 1269 3562 et
1289 3503 1520 3561 consecrationis
1544 3503 1691 3562 ellectum.
1708 3504 1764 3561 La-

53 3419 167 3479 chriati
183 3419 289 3474 vendet
304 3419 441 3475 universa
455 3434 520 3489 quae
532 3417 757 3481 habetetdabit
772 3433 884 3489 paupe·

54 3511 140 3566 ribus
169 3507 274 3578 (daret.
290 3508 360 3578 x1x),
377 3507 495 3580 quande
524 3521 577 3561 nec
604 3505 748 3561 decimam
778 3506 883 3573 reddit,

54 3614 148 3672 quam
177 3597 296 3653 reddere
323 3600 440 3651 tenetur
464 3611 499 3651 ex
522 3594 641 3650 debito?
669 3594 775 3666 (docte.
791 3598 883 3663 xvui).

54 3687 140 3745 Certe
165 3685 416 3758 superabundavit
440 3682 593 3756 iniquitas,
609 3688 638 3740 et
661 3683 796 3757 refriguit
814 3682 883 3739 cha·

52 3778 131 3835 ritas
159 3776 319 3832 multorum
351 3774 464 3846 (tlattlt.
493 3775 581 3846 xxiv).
614 3773 753 3831 Zachaeus
785 3777 883 3831 autem

52 3866 215 3924 dimidium
239 3865 382 3921 bonorum
407 3880 528 3920 suorum
547 3863 627 3919 dedit
648 3863 840 3937 pauperibus,
855 3867 885 3919 et

52 3958 78 4014 si
109 3956 185 4029 qnid
213 3953 342 4025 aliquem
368 3953 567 4021 defraudavit,
595 3952 723 4008 reddidit
752 3953 884 4024 quadru-

53 4046 153 4120 plum.

89 4134 130 4190 Ex
155 4132 222 4189 ielis
245 4130 405 4188 virtutibus
429 4131 536 4187 domus
565 4128 616 4185 illa
637 4132 827 4197 construitur,
852 4130 882 4185 in

51 4241 112 4297 qua
127 4224 213 4280 lesus
228 4221 361 4277 habitare
375 4221 524 4290 dignatur.
541 4218 695 4288 Festinant,
710 4219 817 4291 inquit,
833 4220 881 4276 de·

50 4313 153 4371 aceede
168 4330 178 4368 .·
193 4313 260 4384 quic
275 4311 356 4366 laodic
371 4310 398 4365 ie
415 4312 500 4366 domo
516 4313 564 4364 tue
583 4312 687 4381 oportet
702 4325 881 4365 memorare.

937 3596 1016 3669 gitur
1029 3595 1108 3652 enim
1125 3595 1202 3667 quod
1220 3592 1330 3666 templo
1352 3593 1518 3650 Salomonis
1534 3593 1680 3662 dedicato,
1696 3610 1764 3650 cum

937 3685 1104 3742 sacerdotes
1127 3683 1257 3740 dicerent
1276 3699 1283 3739 ι
1300 3705 1314 3734 ιι
1340 3682 1525 3739 Confitemini
1550 3681 1675 3739 Domino
1689 3700 1765 3755 quc·

938 3776 1016 3831 uiam
1048 3775 1154 3844 bonus,
1175 3772 1313 3843 quoniam
1339 3772 1369 3827 in
1394 3771 1537 3828 suculam
1562 3770 1765 3829 misericordia

937 3865 1002 3936 ejus
1026 3864 1047 3934 ll
1068 3862 1253 3933 Pcr.xv1),»
1271 3860 1380 3918 nebula
1403 3860 1537 3934 implevit
1560 3862 1682 3917 domum
1706 3861 1764 3918 Do·

937 3953 1021 4021 mini,
1038 3956 1066 4009 et
1088 3951 1276 4009 obumbravit
1298 3951 1387 4008 iacies
1411 3951 1610 4017 sacerdotum,
1627 3951 1669 4006 ita
1684 3951 1763 4023 quod

937 4058 967 4097 sa
983 4042 1107 4098 invicem
1123 4041 1221 4098 videre
1241 4057 1298 4096 nan
1323 4044 1466 4112 poterant.
1482 4040 1517 4095 ut
1532 4036 1574 4095 ait
1598 4039 1737 4096 Salomon
1755 4055 1762 4095 :

937 4152 952 4182 ιι
968 4131 1111 4187 Dominus
1127 4129 1199 4186 dixit
1224 4134 1256 4185 ut
1279 4129 1427 4185 habitaret
1449 4128 1479 4183 in
1505 4126 1613 4183 nebula
1626 4126 1676 4195 (Ill
1696 4130 1762 4197 lieu.

936 4222 1034 4293 vuit.»
1051 4220 1139 4286 llicit,
1156 4220 1184 4275 id
1206 4224 1251 4275 est
1272 4235 1359 4291 opere
1383 4216 1606 4283 demonstravit,
1623 4216 1763 4288 quoniam

935 4310 967 4366 in
984 4316 1083 4366 moute
1105 4310 1176 4365 Sina
1201 4308 1338 4381 apparuit
1361 4309 1391 4363 ia
1415 4307 1517 4362 nebula
1535 4305 1634 4375 (exod.
1649 4307 1720 4378 xix),
1735 4310 1765 4364 et

51 4404 105 4461 Est
120 4402 226 4459 domus
243 4400 385 4469 numinis,
401 4406 431 4455 et
453 4404 498 4455 cst
523 4399 630 4454 domus
645 4398 785 4467 hominis,
797 4408 824 4455 et
838 4404 883 4455 est
938 4400 1027 4457 lsrael
1043 4398 1071 4455 iu
1089 4399 1165 4455 nube
1185 4398 1336 4470 precessit
1350 4395 1452 4464 (Eccd.
1469 4396 1540 4468 xiv),
1557 4401 1585 4452 et
1601 4400 1669 4452 ante
1682 4397 1763 4469 Moy·

52 4493 164 4549 domus
178 4491 331 4548 demonia.
348 4489 459 4546 Domus
474 4489 536 4559 Dei,
553 4505 604 4561 per
618 4489 759 4561 graliam;
775 4488 880 4545 domus
896 4478 920 4544 D
935 4507 986 4547 sen
1011 4489 1139 4562 positum
1157 4489 1185 4542 in
1202 4503 1325 4542 caverna
1348 4492 1436 4558 petra
1461 4485 1652 4558 pertransivit
1665 4485 1696 4542 iu
1712 4501 1763 4543 nc·

52 4581 264 4653 hominis,per
285 4578 562 4647 naturam3domus
583 4578 735 4645 daemonis,
753 4578 880 4650 percul·
936 4579 1006 4637 bula
1036 4578 1131 4651 (daed.
1157 4577 1268 4649 xxxur).
1294 4576 1472 4649 Expressum
1499 4575 1686 4649 mysterium,
1710 4575 1762 4633 sed

52 4688 133 4745 pam.
151 4670 192 4727 De
207 4669 303 4742 prima
319 4668 427 4741 legitur
444 4686 450 4724 :
467 4690 478 4720 ι
496 4667 620 4723 Domum
640 4672 732 4735 tuam,
749 4667 880 4737 Domine,
937 4668 1010 4726 alias
1027 4669 1245 4741 exponendum.

52 4757 881 4831 decetsanctiludoialongitudiuedierum(Psat.xc·1);»
972 4765 1011 4815 be
1040 4763 1153 4829 cetero,
1185 4754 1419 4828 tratres,quiaa
1446 4770 1629 4826 quacunque
1654 4754 1763 4825 scripta

51 4851 88 4907 de
104 4848 237 4907 secunda
252 4847 360 4904 dicitur
376 4864 382 4903 :
396 4847 475 4912 «Oui
497 4850 601 4903 domos
624 4846 759 4903 habitant
775 4848 880 4917 luteas,
936 4852 1017 4916 sunt,
1044 4848 1078 4903 ad
1103 4852 1233 4902 nostram
1259 4844 1423 4901 doctrinam
1446 4843 1555 4915 scripta
1579 4845 1649 4899 sunt
1672 4842 1760 4915 (Ram.
1874 4908 1877 4913 Ι

51 4943 80 4995 et
105 4943 256 4994 terrenum
281 4935 391 4992 habent
414 4935 641 4992 diadumentum
666 4936 724 5008 (leb
739 4941 792 5008 rvl;
809 4958 823 4988 s
844 4938 881 4993 de
934 4938 994 5010 xv),
1013 4959 1024 4988 ι
1042 4937 1195 4993 imitemur
1218 4951 1287 5007 ergo
1311 4933 1476 5001 Zacbaum,
1494 4937 1526 4988 ut
1551 4931 1580 4986 in
1607 4931 1693 4986 domo
1709 4945 1762 4985 no-

51 5027 142 5083 tertia
166 5025 308 5099 scriptum
324 5029 369 5080 est
385 5040 418 5081 :u
436 5025 575 5081 Revertar
590 5027 620 5081 in
636 5025 756 5082 domum
784 5042 878 5083 meam
934 5032 996 5085 stra
1019 5027 1105 5083 lesus
1131 5025 1261 5080 habitare
1276 5023 1425 5096 dignetur,
1443 5021 1492 5095 qui
1517 5025 1562 5076 cst
1587 5033 1676 5091 super
1698 5033 1760 5073 om·

51 5117 133 5174 unde
148 5115 224 5172 exivi
239 5114 343 5187 (llvlllt
362 5114 421 5187 111).
437 5135 449 5165 ν
935 5116 983 5174 nia
999 5120 1074 5172 Deus
1098 5114 1269 5171 benedictus
1284 5112 1314 5168 in
1330 5110 1437 5170 saecula
1457 5107 1641 5166 saeculorum.
1654 5108 1759 5163 Arnen.

85 5204 235 5263 Vitiorum
251 5208 361 5261 tectum
375 5208 420 5261 est
439 5203 588 5277 superbia,
605 5220 670 5279 quae
691 5208 737 5261 est
761 5205 878 5263 initium
