3796 5986
95 202 151 265 765

410 215 461 271 DB
477 215 595 273 MODO
613 217 769 273 euram
786 213 972 273 meruero
987 215 1084 273 tium
1100 216 1181 272 SEX.
1199 244 1234 256 -
1249 215 1348 274 ORDO
1364 219 1492 275 MISSAE.

1750 214 1805 271 766

134 336 500 400 Sacranos-Coniltebor
514 343 567 401 tibi
584 343 615 401 iu
630 342 923 411 cithars,De·rs,Deus
937 343 966 411 A
981 344 1055 415 quie
1071 343 1119 398 hic
1136 346 1253 415 sunt‚et
1263 344 1396 401 omnium
1407 348 1577 402 sanctorum
1592 361 1598 402 :
1611 342 1806 419 utindulgcra

99 442 204 497 meus;
220 445 312 500 quare
326 430 420 488 tristis
431 449 472 504 es,
485 434 584 490 anima
599 450 674 503 mes,-
699 438 727 488 et
749 448 839 506 quera
855 447 923 487 con·

98 517 202 572 turbas
218 519 289 575 me‘l

134 607 282 663 hirarsrnr.
299 643 329 650 -—
340 610 440 685 ‘Spera
454 612 482 667 in
498 618 569 681 Deo,
588 612 727 687 quoniam
744 612 840 669 adhuc
854 626 924 667 con·

97 692 205 751 iltehor
218 694 259 751 illi
276 695 404 755 salutare
418 699 518 758 vultus
534 700 602 769 mei,
618 706 646 758 ct
660 701 738 758 Deus
751 714 845 767 meus.

134 804 291 860 Sacranos.
307 836 342 847 -
365 804 465 863 Gloria
490 807 566 864 Patri
594 814 623 865 et
648 808 720 865 Filio
748 810 777 865 ct
803 806 924 880 Spiritui

96 894 212 948 sancto.

134 981 282 1040 ldrsrsrnr.
292 1016 326 1026 -
341 985 423 1042 Sicut
434 990 498 1043 eret
511 986 541 1043 in
553 986 706 1060 principio,
732 990 762 1043 et
789 1003 868 1044 nuno
895 992 924 1043 et

95 1086 225 1144 semper,
240 1078 269 1129 ct
283 1075 313 1130 in
328 1075 436 1132 secula
450 1076 635 1134 seculorum.
652 1082 758 1135 Amen.

133 1167 288 1222 Sacranos.
305 1195 338 1207 -
354 1166 484 1222 Introibo
499 1167 534 1223 ed
551 1164 643 1223 altare
658 1167 718 1226 Dei.

133 1273 278 1331 lirursrar.
294 1305 330 1317 ·-
344 1276 385 1333 Aa
399 1276 491 1332 Deum
520 1274 571 1348 qui
599 1275 921 1349 laetiiicetjuventutem

96 1376 205 1418 meam.

134 1450 290 1510 Sacranos.
306 1483 341 1497 —
362 1456 553 1527 adjutorium
582 1462 717 1516 nostrum
746 1457 776 1514 in
805 1457 923 1515 nomine

95 1539 226 1597 Domini.

132 1629 278 1688 idiassrar.
294 1663 329 1674 -
340 1633 393 1700 Qui
409 1635 478 1693 iecit
492 1637 598 1695 casiam
613 1642 641 1695 et
655 1642 774 1694 terram.

131 1741 286 1796 Sacranos.
304 1772 336 1783 -
354 1741 543 1813 llaclinotaa.)
566 1744 712 1803 Confiteor
738 1745 796 1802 Deo
825 1710 959 1802 omni·B

95 1828 218 1899 potenti,
235 1830 326 1886 beate
342 1830 439 1888 Marias
458 1850 576 1907 semper
604 1835 721 1907 virgini,
751 1836 835 1891 beato
865 1835 920 1892 Μὶ-

94 1916 189 1973 chaeli
203 1919 388 1992 archangelo,
405 1921 488 1979 beato
508 1923 614 1980 loanni
636 1923 785 1996 Baptistae,
810 1925 921 1981 sanctis

94 2005 236 2077 apostolis
251 2007 374 2066 Petraei
389 2010 490 2080 Paulo,
502 2013 641 2070 omnihus
651 2013 774 2084 sanctis,
786 2019 816 2070 et
826 2014 919 2083 vobis,

94 2094 210 2162 iratres,
228 2097 298 2169 quia
312 2101 427 2170 peccavi
445 2100 536 2157 nimis
557 2101 746 2174 cogitatione,
775 2103 863 2160 serbo
892 2108 922 2159 et

94 2200 182 2258 opere
197 2187 325 2257 (messit
345 2188 402 2244 aiii
426 2199 522 2261 pectus
546 2192 609 2263 ter),
638 2206 704 2248 mee
729 2191 825 2265 culpa,
855 2209 921 2250 mea

94 2275 192 2346 culpa,
210 2291 275 2332 mea
303 2278 431 2334 maxima
460 2278 554 2353 culpa.
583 2281 650 2337 ideo
679 2298 780 2354 precor
803 2282 920 2338 beatam

94 2363 217 2420 Mariam
232 2381 349 2439 semper
363 2367 517 2440 virginem,
534 2370 652 2426 beatum
674 2369 844 2428 Michaelem
867 2373 920 2427 lir-

94 2453 281 2527 changeium,
296 2455 414 2513 beatum
438 2459 581 2515 ioannem
609 2458 785 2532 Baptiatnm,
800 2465 919 2517 sanctos

93 2542 243 2616 apostolos
255 2544 373 2602 Petrum
390 2551 419 2603 et
441 2547 576 2619 Paulum,
606 2565 710 2606 omnes
735 2554 864 2618 sanctos,
891 2555 920 2606 et

92 2648 157 2702 voa,
173 2635 289 2703 iratres,
304 2651 388 2692 orare
403 2653 517 2709 prome
532 2637 569 2694 ed
584 2637 743 2696 Dominum
758 2639 851 2696 Deum
867 2656 919 2696 uo·

93 2726 200 2780 strum.

128 2835 271 2886 birrassrar.
287 2862 320 2873 -
334 2832 506 2890 liisereatur
519 2835 562 2891 tui
583 2834 769 2906 omnipotens
785 2835 873 2905 Deus,
890 2840 919 2893 et

91 2920 224 2977 dimissio
240 2922 366 2992 peccatis
380 2923 451 2993 tuis,
467 2924 610 2997 perducat
624 2931 651 2982 te
667 2926 704 2981 ad
722 2925 813 2983 vitam
835 2930 919 2983 aeter·

92 3027 175 3068 nam.

128 3100 285 3159 Sacranos.
301 3132 336 3144 -
346 3105 446 3158 lmen.
461 3102 575 3174 (Deinde
585 3104 709 3160 ministri
719 3110 918 3177 repetantcoa-

91 3190 262 3262 tersionem).

130 3282 285 3339 Sacranos.
296 3312 331 3326 -
342 3282 616 3340 Misereatnrvestri
626 3286 814 3358 omnipotens
831 3287 917 3357 Deus,

94 3373 124 3427 et
138 3370 270 3427 dimissis
285 3373 411 3445 peccetis
425 3373 543 3438 vestris,
558 3374 627 3446 perd
634 3377 700 3430 ucat
713 3390 764 3432 vos
779 3375 917 3433 advitam

93 3464 242 3518 eternam.

123 3554 269 3606 Mrarsrnr.
287 3577 319 3592 -
335 3556 442 3607 Amen.

125 3656 282 3715 Sacranos.
298 3688 333 3699 -
347 3657 456 3730 (Signat
470 3674 500 3715 se
522 3658 602 3731 elprae
626 3659 740 3732 amois.)
764 3658 917 3735 indulgen·

87 3746 172 3815 tiam,
189 3745 418 3816 absolutionem,
433 3751 464 3803 et
492 3747 699 3805 remissionem
729 3756 915 3823 peccatorum

87 3840 268 3906 nostrorum,
282 3835 393 3893 tribuet
412 3836 498 3894 nobie
509 3837 697 3910 omnipotens
709 3843 737 3896 et
747 3839 916 3899 misericors

88 3925 242 3982 Dominus.

125 4015 272 4071 Mrrusrar.
289 4046 324 4057 -
340 4017 441 4072 Amen.

124 4108 278 4161 eserenon.
296 4135 329 4147 -
343 4103 535 4179 (inclinatas.)
549 4109 637 4176 Deus,
650 4111 680 4162 tu
701 4123 858 4166 conversus
873 4109 915 4166 vi·

86 4193 230 4250 viiicabis.
248 4211 312 4250 nos.

124 4283 270 4340 Misisrnr.
285 4312 322 4326 -
336 4284 371 4340 Di
386 4283 468 4357 plebs
483 4289 534 4340 tua
548 4283 696 4341 letabitur
708 4285 738 4343 iu
755 4290 793 4343 te.

978 431 1110 505 digneris
1126 432 1226 489 omnis
1241 438 1378 507 pecccata
1393 450 1467 491 mea.
1485 437 1585 491 lmen.

1016 523 1179 580 laraorrus.
1193 554 1227 564 -
1242 523 1355 580 cibavit
1370 541 1420 581 eos
1435 541 1468 580 er
1481 525 1566 597 adipe
1590 523 1741 596 frumenti,
1764 524 1806 582 el·

980 611 1089 683 ieluia;
1106 619 1134 671 st
1149 617 1186 672 de
1201 619 1284 689 petra
1299 614 1385 672 melle
1410 616 1554 671 saturavit
1580 631 1640 674 ecs.
1667 612 1805 684 Alleluia,

980 702 1108 771 alleluia,
1124 705 1254 762 alleluia.
1271 737 1304 746 -
1317 706 1421 763 Psclm.
1438 704 1570 762 Exultate
1594 705 1653 761 Deo
1676 703 1804 774 adiutori

979 797 1078 850 nostro
1095 812 1101 850 :
1115 794 1240 866 jubilate
1255 799 1312 852 Deo
1327 796 1429 851 Jacob.
1443 826 1476 836 —
1491 794 1590 851 Gloria
1606 793 1681 851 i’atri
1692 800 1721 850 et
1732 792 1803 850 Pilio

978 886 1006 938 et
1022 883 1144 955 Spiritui
1159 887 1271 941 sancto.
1287 884 1462 957 (lltcmotim
1476 901 1539 942 cam
1553 884 1701 951 ministris,
1713 881 1802 955 dicit.)

983 972 1067 1043 iiyrie
1082 973 1203 1045 eleison,
1220 974 1301 1044 kyrie
1316 973 1436 1043 eleison,
1452 975 1534 1047 kyrie
1553 973 1672 1030 eleison.
1688 971 1803 1029 Christe

977 1058 1099 1132 eleison,
1128 1061 1242 1119 Christe
1266 1063 1388 1133 eleison,
1417 1063 1533 1121 Christe
1561 1062 1687 1121 eleison.
1717 1060 1803 1135 iiyrie

977 1150 1097 1221 eleison,
1114 1152 1195 1225 kyrie
1210 1152 1318 1210 eleison
1335 1154 1415 1226 kyrie
1431 1153 1551 1210 eleison.

1013 1257 1112 1316 Gloria
1125 1259 1156 1316 in
1171 1259 1293 1318 excelsis
1309 1260 1379 1328 Deo,
1394 1265 1423 1317 et
1437 1260 1465 1315 in
1477 1263 1554 1316 terra
1564 1277 1619 1334 pax
1629 1258 1802 1316 hominihus

976 1350 1060 1407 bons
1076 1348 1246 1406 voluntatis.
1267 1350 1436 1406 Laudemus
1462 1353 1500 1417 te,
1531 1348 1732 1405 benedicimus
1761 1352 1801 1416 ie,

978 1439 1136 1496 adoramus
1151 1442 1191 1507 tc,
1206 1437 1407 1512 glorificamus
1423 1442 1462 1494 te.
1479 1437 1596 1495 Gratias
1614 1438 1732 1511 agimus
1746 1437 1801 1495 tibi

977 1531 1098 1601 propter
1112 1543 1250 1600 magnam
1266 1527 1391 1599 gloriam
1407 1532 1500 1583 tuem.
1515 1526 1636 1582 Domine
1650 1530 1738 1595 Deua,
1751 1542 1802 1583 rex

977 1614 1115 1683 caelestis,
1134 1620 1209 1673 Deus
1224 1619 1310 1672 Pater
1324 1615 1519 1689 omnipotens.
1533 1613 1722 1681 Domine,Fili
1739 1614 1801 1671 uui·

973 1704 1071 1778 genite
1087 1704 1157 1761 lesu
1174 1703 1300 1771 Christe,
1313 1704 1433 1761 Domine
1449 1709 1537 1775 Deus,
1553 1709 1654 1776 Agnus
1674 1703 1737 1774 Dei,
1753 1702 1801 1759 Fi-

976 1793 1034 1849 lius
1045 1793 1150 1860 Patris,
1167 1793 1221 1859 Qui
1235 1791 1315 1849 tollis
1329 1797 1449 1866 peccate
1464 1792 1577 1861 mundi,
1598 1792 1738 1849 miserere
1749 1807 1800 1848 no·

975 1881 1031 1939 bis.
1048 1882 1102 1949 Qui
1119 1880 1195 1938 tollis
1211 1887 1329 1955 pecunie
1341 1881 1455 1951 mundi,
1479 1881 1596 1953 suscipe
1621 1880 1801 1954 deprecatio·
1855 1936 1859 1945 ,

975 1988 1042 2028 nem
1058 1976 1203 2028 nostram.
1219 1970 1273 2036 Qui
1288 1974 1373 2028 sedes
1386 1972 1422 2028 ad
1434 1971 1584 2028 dexteram
1599 1969 1706 2040 Patria,
1716 1969 1803 2027 mise·

974 2077 1036 2117 rere
1051 2061 1146 2118 nobis.
1163 2061 1306 2127 Quoniam
1337 2070 1366 2117 tu
1395 2059 1477 2116 solus
1502 2064 1634 2117 sanctus.
1660 2060 1703 2116 Tu
1720 2058 1801 2117 solus

974 2150 1127 2207 Dominus.
1143 2150 1187 2206 Tu
1203 2149 1285 2207 solus
1301 2149 1484 2220 illusimus,
1500 2149 1571 2206 lesu
1591 2148 1715 2218 Christe,
1732 2164 1799 2206 cum

974 2244 1076 2297 sancto
1091 2239 1213 2311 spiritu,
1229 2240 1259 2294 in
1275 2238 1367 2311 gloria
1382 2238 1430 2295 Dei
1448 2239 1552 2295 Patris.
1570 2240 1670 2293 Amen.

1013 2327 1151 2385 Dominus
1164 2328 1316 2384 vobiscum
1329 2330 1433 2401 (uersus
1448 2328 1483 2383 od
1495 2328 1651 2399 populum).

1009 2418 1155 2473 Mirusrar.
1169 2448 1203 2458 -
1219 2418 1253 2473 tt
1267 2434 1333 2474 cum
1349 2417 1456 2490 spiritu
1470 2421 1530 2473 tuo.

1009 2506 1165 2562 Sacranos.
1181 2536 1217 2549 -
1231 2505 1359 2562 Oramus.
1376 2505 1513 2576 -Deus,
1530 2505 1581 2578 qui
1596 2505 1680 2562 nobis
1691 2504 1801 2563 subsa-

973 2600 1123 2653 cramento
1138 2595 1267 2651 mirabili
1282 2595 1430 2667 passionis
1445 2600 1501 2651 tue
1526 2596 1699 2666 memoriam
1717 2594 1801 2665 ,reii-

973 2686 1075 2760 quisti,
1091 2685 1197 2755 tribue,
1214 2700 1398 2757 quesumus,
1413 2685 1453 2740 ita
1468 2701 1521 2742 nos
1536 2685 1668 2757 eorporis
1686 2689 1716 2742 et
1729 2701 1798 2743 san·

972 2775 1072 2849 guinis
1085 2774 1130 2831 tui
1145 2790 1228 2831 sacra
1243 2774 1381 2847 mysteria
1391 2774 1576 2842 venerari,ut
1586 2773 1798 2847 redemptionis

971 2863 1441 2936 tuaelructuminnobisjugiter
1478 2863 1653 2921 sentiamus.
1683 2893 1717 2905 -
1744 2867 1799 2921 Per

971 2954 1134 3025 Christum,
1150 2956 1204 3010 cic.

1009 3045 1107 3101 Lectio
1133 3044 1270 3116 Epistola
1295 3043 1372 3100 beati
1400 3041 1483 3100 Pauli
1511 3044 1549 3101 ad
1576 3041 1746 3099 Corinthios
1774 3041 1797 3105 il

973 3137 1035 3192 Cor.
1051 3135 1089 3195 x).
1108 3135 1234 3200 Fratres,
1251 3132 1398 3205 egoenim
1427 3132 1524 3205 accepi
1540 3131 1693 3189 aDomlno
1718 3132 1797 3204 quod

973 3226 1003 3280 et
1016 3222 1125 3278 tradidi
1139 3220 1233 3289 vobis,
1250 3221 1392 3295 quoniam
1410 3221 1554 3277 Dominus
1573 3221 1671 3291 lesus,
1694 3219 1799 3294 inqua

973 3316 1057 3368 nocte
1072 3311 1255 3378 tradebatur,
1271 3311 1385 3383 accepit
1399 3326 1517 3385 panem,
1533 3313 1563 3367 et
1576 3309 1688 3383 gratias
1707 3325 1799 3383 agens

973 3401 1059 3474 fregit
1074 3404 1103 3457 et
1130 3401 1224 3457 dixit:
1242 3400 1378 3472 decipite,
1403 3404 1432 3455 st
1460 3400 1636 3457 manducate
1651 3415 1659 3455 :
1675 3397 1730 3455 hcc
1753 3403 1798 3456 est

972 3507 1079 3565 corpus
1094 3506 1203 3557 mcum,
1220 3490 1298 3562 quod
1314 3505 1366 3562 pro
1380 3488 1464 3545 vonis
1479 3489 1628 3545 tradetur:
1642 3486 1698 3545 hoo
1712 3487 1798 3545 tacite

969 3580 1002 3637 in
1030 3597 1127 3637 meam
1154 3578 1474 3636 commemorationem.
1503 3576 1644 3635 Similiter
1670 3581 1699 3633 et
1725 3576 1797 3634 caii·

971 3687 1045 3741 cem,
1055 3672 1212 3743 postquam
1228 3666 1362 3737 coennmt,
1379 3666 1480 3724 diceus
1496 3683 1503 3723 ε
1517 3666 1569 3723 llic
1584 3665 1659 3724 calix
1686 3681 1796 3723 novum

969 3763 1180 3817 testamentum
1195 3762 1240 3815 est
1254 3757 1284 3813 ia
1301 3772 1366 3814 meo
1380 3756 1535 3831 sanguiue.
1553 3757 1610 3815 ilco
1625 3755 1712 3813 tacita
1725 3770 1797 3829 quo

970 3852 1145 3922 tiescunque
1159 3847 1277 3917 bibetis,
1293 3846 1323 3902 in
1352 3863 1446 3904 meam
1474 3845 1795 3903 commemorationem.

969 3941 1209 4012 Quotiescunque
1222 3937 1301 3995 enim
1319 3935 1538 3993 manducabitis
1548 3952 1654 4009 panem
1665 3936 1756 4004 huuc,
1767 3938 1796 3991 et

969 4031 1089 4087 cacilem
1105 4029 1222 4100 bibetis,
1239 4030 1363 4084 mortem
1378 4025 1494 4082 Domini
1511 4024 1726 4081 annuntiabitis
1743 4025 1796 4080 do·

969 4138 1023 4178 nec
1037 4119 1145 4178 veniat.
1163 4119 1265 4191 ltaque
1275 4117 1444 4189 quicunque
1455 4114 1676 4172 manducaverit
1689 4128 1795 4184 panem

968 4207 1117 4280 hunc,ael
1137 4208 1245 4264 hiberii
1273 4204 1394 4262 calicem
1423 4203 1539 4260 Domini
1567 4201 1698 4276 indigue,
1726 4218 1796 4260 reus

969 4301 1025 4357 erit
1039 4297 1170 4370 corporis
1199 4300 1227 4352 et
1241 4295 1394 4366 sanguinis
1408 4292 1535 4350 Domini.
1564 4292 1668 4349 Probet
1696 4296 1795 4349 autem

122 4374 280 4429 SAGERDOS·
296 4404 330 4414 ··
343 4373 471 4430 Ostende
486 4373 582 4441 ¹1⁰bi⁸2
601 4373 732 4445 omnint,
749 4374 914 4433 miseriem·
969 4388 1100 4461 seipsum
1116 4385 1205 4441 homo
1217 4400 1223 4438 :
1236 4383 1315 4440 etsie
1332 4383 1367 4438 de
1378 4398 1454 4456 pane
1468 4379 1519 4437 ilio
1530 4381 1640 4449 edat,et
1655 4381 1690 4436 de
1704 4377 1795 4436 culice

88 4461 168 4519 diam
184 4465 278 4518 tuam.

124 4571 271 4629 bitalassa.
290 4602 321 4613 —
337 4572 372 4628 iit
385 4571 515 4628 salutaro
529 4575 614 4629 tuum
631 4573 781 4632 danobis.

125 4661 281 4718 Sacranos.
299 4692 334 4703 -
345 4660 480 4729 Domine,
496 4661 603 4718 exaudi
628 4663 791 4720 orationem
809 4680 915 4722 meam.

124 4750 270 4807 hirursrnr.
284 4781 319 4791 -
333 4751 368 4806 ut
380 4749 492 4807 clamor
507 4767 592 4808 meus
607 4751 644 4808 ad
659 4757 688 4809 te
702 4752 808 4810 veniat.

125 4839 281 4898 Sacranos.
298 4870 332 4880 -
347 4839 491 4896 Dominus
506 4841 670 4900 vobiscum.

124 4933 268 4986 himinam.
285 4959 320 4970 —
334 4929 369 4985 lit
384 4946 450 4985 cum
467 4929 574 5003 spiritu
588 4934 649 4988 tuo.

930 4459 954 4524 Ῑ)
971 4479 1061 4536 hibet.
1078 4476 1132 4545 Qui
1152 4475 1232 4533 enim
1249 4474 1406 4530 manducat
1423 4476 1453 4529 et
1467 4471 1541 4528 bibit
1554 4471 1683 4544 indigne,
1711 4470 1794 4544 ludi·

970 4568 1049 4626 cium
1066 4566 1120 4624 sihi
1138 4565 1298 4621 manducat
1313 4567 1341 4620 et
1355 4562 1430 4619 bibit
1445 4580 1451 4620 :
1466 4578 1525 4618 uon
1543 4561 1711 4635 dijudicans
1734 4576 1797 4618 car·

972 4675 1027 4732 pus
1038 4655 1165 4713 Domini.

1007 4749 1153 4805 hirnrsrn.
1169 4776 1204 4784 -
1219 4743 1277 4801 Deo
1292 4742 1413 4815 gratias.

1007 4856 1164 4913 Samaeos.
1180 4882 1216 4895 -
1229 4851 1272 4907 Ab
1288 4854 1353 4906 ortu
1369 4849 1441 4907 solis
1470 4866 1563 4922 usque
1591 4849 1627 4907 ad
1657 4864 1794 4905 occasum

973 4960 1109 5018 magnum
1124 4946 1169 4999 eet
1185 4958 1293 4998 nomen
1309 4956 1407 4997 meum
1422 4939 1452 4996 iu
1476 4938 1624 5013 gentihus.
1648 4968 1683 4979 -
1706 4937 1741 4993 lit
1764 4935 1793 4991 in

126 5038 284 5095 Samaeos.
301 5036 514 5106 -mscencena
534 5037 569 5093 ud
598 5038 711 5110 altars.)
734 5040 918 5096 Dromas—
972 5035 1052 5093 omni
1077 5033 1141 5090 loco
1170 5030 1355 5089 sacrificatur
1383 5035 1413 5086 ct
1440 5030 1561 5086 cilertur
1588 5025 1701 5083 nomini
1729 5041 1794 5082 meo

89 5127 181 5183 Auier
196 5143 213 5183 a
228 5125 324 5193 nohis,
336 5143 520 5198 quesumus,
531 5127 667 5196 Domine,
682 5127 856 5202 iniquitates
869 5146 917 5187 no
971 5125 1080 5183 oblatio
1096 5122 1207 5179 munds
1223 5137 1230 5176 ε
1247 5119 1317 5193 quia
1331 5125 1522 5191 magnurnest
1532 5132 1637 5173 nomen
1648 5130 1746 5171 meum
1763 5115 1793 5171 in

90 5220 187 5274 siras:
214 5216 420 5272 utadSancta
440 5221 610 5273 sanctorum
640 5216 722 5291 puris
752 5235 919 5276 mereamur
972 5214 1168 5289 gentibus-
1189 5209 1305 5281 Venite,
1330 5208 1472 5265 comedite
1495 5221 1601 5279 panem
1626 5206 1794 5261 meumzet

90 5306 240 5363 mentibus
255 5303 386 5361 introire.
402 5336 437 5346 --
452 5309 507 5360 Per
521 5305 672 5364 Christum
691 5307 850 5364 Dominum
866 5324 917 5366 no·

91 5400 200 5453 strum.
220 5399 326 5451 Amen.

125 5487 282 5549 torculetur
297 5485 387 5541 attare
402 5485 431 5538 ia
446 5483 564 5559 medio.)
580 5514 614 5527 -
638 5486 765 5543 Oramus
793 5489 832 5553 te,
861 5489 916 5543 Do·

89 5575 181 5646 mine,
197 5591 250 5647 per
260 5574 365 5631 merita
380 5577 550 5631 sanctorum
560 5576 692 5646 tuorum,
706 5590 833 5648 qaorum
848 5575 917 5635 reli·

971 5303 1064 5361 hibita
1078 5302 1179 5358 vinum
1190 5299 1268 5372 qaod
1283 5298 1389 5355 miscui
1407 5295 1497 5353 vohis.

1006 5392 1171 5465 (Inclinatio
1195 5389 1225 5445 ira
1250 5388 1340 5445 toedio
1364 5385 1489 5458 altoris.)
1504 5385 1613 5441 Munda
1628 5400 1676 5440 cor
1691 5398 1790 5439 meum

971 5499 1004 5538 ac
1020 5481 1097 5538 labia
1114 5495 1191 5549 mea,
1220 5477 1409 5549 omnipotens
1435 5480 1523 5544 Deus,
1549 5473 1600 5546 qui
1615 5472 1695 5530 labia
1709 5470 1790 5529 isaie

970 5572 1118 5648 prophete
1146 5567 1259 5627 calculo
1286 5562 1436 5622 mundasti
1459 5564 1568 5640 ignito;
1596 5565 1636 5622 ita
1666 5578 1713 5620 me
1740 5564 1792 5620 tua
