3796 5986
84 219 141 287 175
675 219 727 273 ΔΙ)
745 217 952 274 INNOCENTII
971 220 1010 274 ΙΙΙ
1029 218 1197 278 RRGBSTA
1605 212 1609 219 ¹
1746 217 1801 276 l'ftt

96 349 227 410 officinm
242 362 329 405 sunm
342 343 498 419 pertinent,
515 360 658 413 exercere,
673 348 701 401 ct
716 342 798 400 robis
821 341 920 401 omnis
933 344 959 412 Α
976 361 1054 412 mus,
1066 351 1095 402 et
1109 348 1263 421 pressantis
1278 347 1380 422 scripti
1393 345 1544 422 privilagio
1565 345 1799 405 communimus.

96 442 133 500 sb
148 439 206 498 alio
220 437 357 510 episcopo
384 433 541 510 percipere,
568 451 634 508 que
655 451 672 491 e
695 437 791 491 vestro
813 432 922 490 fuerint
1007 432 1272 510 Decernimnsergo
1285 435 1533 494 utnulliomnino
1548 435 1801 493 bominumliceat

89 517 463 598 iridebitisdenegatalllud
474 524 651 597 adjiciendo,
666 522 920 595 utinrecipisndie
972 523 1125 593 praefatum
1139 525 1350 583 monesterium
1367 524 1657 600 temereperturbsre
1667 529 1718 582 aut
1732 526 1800 597 eius

93 616 328 693 professionibus
343 631 407 688 quie
423 631 440 671 s
455 613 613 670 benedictis
629 612 699 669 vele
714 609 920 669 benedicendis
972 613 1176 683 possessiones
1191 615 1366 687 auferro,vel
1380 614 1491 672 ablatas
1501 614 1637 685 retinere,
1652 615 1798 684 minnere,

94 707 253 765 abbatibus
268 704 453 771 exhibentur,
464 720 495 759 ee
507 703 567 758 sint
581 702 709 775 episcopi
721 702 813 758 forme
827 705 856 757 ct
869 717 919 757 ex·
972 716 1023 757 eeu
1039 704 1221 774 quibuslibet
1240 705 1441 762 vexationibus
1465 704 1597 778 fatigare,
1625 704 1676 761 sed
1698 702 1801 760 omnia

94 795 248 871 pressione
263 792 403 858 conteuti,
415 807 479 864 que
488 791 524 848 eb
535 792 646 863 origine
656 788 779 862 ordinis,
790 789 922 846 noscitur
972 789 1084 863 integre
1099 801 1309 852 conserventur
1323 811 1437 862 coruus,
1449 811 1501 868 pro
1513 811 1638 867 quorum
1651 794 1800 864 guberne·

93 885 240 956 institute,
249 880 401 940 utsoilicat
413 880 553 937 abbatees
567 880 624 953 ipsi
635 879 771 952 episcopo
784 879 863 937 salvo
873 896 919 936 or·
972 880 1051 938 tione
1065 886 1094 938 et
1108 886 1323 942 sustentatione
1338 901 1480 942 concessa
1490 887 1570 955 sunt,
1583 884 1688 942 usibus
1701 883 1799 941 omni-

93 974 163 1032 dine
177 989 231 1030 sun
246 970 373 1044 profiteri
390 970 517 1026 debeant
531 976 557 1024 et
569 972 671 1026 contre
682 972 792 1026 statuta
802 968 920 1026 Ordinis
971 969 1067 1027 modis
1079 971 1241 1043 profutura,
1252 973 1332 1031 satra
1343 975 1422 1030 sedis
1434 972 1599 1047 apostoliae
1611 972 1800 1029 auctoritate.

97 1063 145 1121 eui
161 1061 271 1119 nullam
288 1057 500 1134 professionem
517 1057 612 1116 faeere
626 1057 848 1131 compellentur.
865 1063 919 1116 Pro
1007 1059 1036 1115 Si
1052 1076 1110 1134 que
1122 1061 1253 1136 igituriu
1264 1061 1801 1120 futurumecclesiaetloeeecolerisvs

93 1150 311 1209 consecratione
319 1147 531 1205 voroeltsrium
541 1146 584 1205 vel
591 1148 790 1218 ecclesiarum,
801 1148 861 1205 aive
869 1165 919 1221 pro
971 1163 1096 1221 persone
1112 1151 1303 1210 baucnoatrre
1317 1151 1538 1209 constitutionis
1548 1151 1687 1226 paginam
1700 1151 1799 1209 scisne

93 1240 216 1299 obtentu
232 1237 464 1304 consuetudinis,
474 1236 519 1294 vel
530 1237 587 1294 elio
597 1238 683 1294 modo
695 1238 855 1310 quidquem
867 1255 919 1295 eu·
971 1243 1073 1294 contre
1088 1255 1152 1295 cum
1171 1245 1280 1298 temere
1295 1242 1393 1298 venire
1410 1241 1575 1313 tentaverit,
1597 1241 1800 1297 secundoter·

96 1330 164 1389 (leet
178 1333 357 1400 extorquere,
366 1327 416 1384 sed
428 1327 489 1383 haec
500 1326 920 1400 qnaecunqusmelurritisltil)
970 1325 1046 1383 tiore
1060 1330 1250 1401 commonita,
1266 1330 1322 1386 nisi
1338 1335 1451 1387 reatum
1466 1346 1554 1387 anum
1570 1345 1701 1403 congrua
1716 1327 1801 1386 eatis·

100 1417 276 1476 ostholioam
286 1416 368 1474 edire
379 1416 553 1486 antistitem,
564 1417 688 1490 gretiam
700 1421 728 1474 et
743 1417 920 1474 communic·
971 1414 1097 1473 fsotione
1108 1418 1275 1489 correxerit,
1289 1420 1442 1493 potestatis
1453 1419 1633 1493 honorisque
1643 1418 1688 1475 eoi
1702 1417 1800 1491 digni·

13 1511 17 1519 ’
97 1523 165 1564 uem
182 1505 348 1580 apostolice
364 1504 444 1561 sedis
459 1503 627 1574 habentem,
643 1506 693 1578 qui
709 1510 809 1563 nostro
829 1508 921 1563 frctus
971 1507 1030 1561 tate
1045 1512 1151 1580 careat,
1169 1524 1308 1583 reamque
1322 1526 1353 1566 ee
1375 1509 1473 1566 divino
1494 1507 1607 1580 judicio
1622 1507 1748 1565 existere
1765 1507 1801 1564 de

97 1595 271 1655 auctoritate
281 1594 363 1651 vobis
374 1594 451 1667 quod
464 1594 790 1669 postuletisimpendat.
803 1597 883 1662 Quod
896 1598 920 1654 ei
972 1601 1138 1668 perpetrate
1151 1597 1308 1671 iniquitate
1323 1603 1491 1673 cognoscet,
1508 1602 1536 1655 et
1555 1615 1573 1655 e
1598 1597 1800 1654 sacratissimo
1823 1616 1824 1619 ¹

97 1685 182 1743 sedes
196 1684 352 1742 dioecesani
368 1682 497 1756 episcopi
519 1684 591 1741 forte
616 1684 768 1756 vacaverit,
801 1685 918 1743 interim
936 1700 1094 1784 Beorpore
1109 1703 1142 1744 ao
1154 1688 1297 1760 sanguine
1318 1688 1369 1745 Dei
1389 1703 1422 1744 ec
1450 1686 1568 1744 Domini
1593 1685 1800 1759 Redemptoris

99 1774 198 1832 omnia
212 1773 411 1831 ecclesiastica
425 1776 610 1831 sacramente
628 1774 763 1831 asicinis
776 1775 922 1849 episeopis
975 1774 1067 1830 nostri
1081 1775 1152 1833 lesu
1168 1777 1276 1833 Christi
1298 1777 1392 1834 aliena
1416 1777 1476 1844 flet,
1501 1780 1589 1851 etque
1611 1776 1643 1832 in
1668 1780 1800 1833 extremo

99 1862 333 1936 ecoipcrelibere
347 1867 376 1918 at
399 1862 511 1936 absque
536 1863 765 1920 contradictione
793 1865 921 1936 possitis,
973 1864 1107 1921 examine
1122 1864 1261 1923 districtas
1275 1865 1380 1923 ultloni
1395 1866 1558 1939 subjaceat.

7 1990 17 2003 -,
99 1952 142 2010 sio
158 1956 269 2023 tameo,
284 1957 316 2009 ut
331 1952 462 2009 exhooin
480 1958 629 2025 posterum
643 1954 767 2027 propriis
777 1954 923 2028 episcopie
1009 1954 1129 2010 Cunctis
1143 1958 1241 2012 autem
1257 1955 1352 2012 eidem
1368 1955 1431 2013 loco
1447 1972 1501 2012 sue
1519 1956 1589 2028 jura
1612 1953 1801 2011 servantibus

100 2041 215 2099 nullum
230 2041 434 2114 preludicium
445 2041 688 2114 generetur.Quie
699 2043 921 2100 verointcrdum
974 2040 1012 2096 eit
1028 2059 1084 2115 pax
1094 2043 1209 2100 Domini
1225 2045 1316 2101 nostri
1331 2045 1401 2102 iesu
1418 2045 1538 2112 Christi,
1555 2047 1701 2116 quatenus
1713 2042 1800 2098 ethio

101 2129 287 2203 propriorum
302 2129 508 2204 episcoporum
534 2130 648 2201 copiam
671 2149 730 2189 non
756 2132 881 2202 habetis,
898 2132 922 2189 si
975 2129 1618 2207 fructumbonoeactionispereipientetopud
1628 2131 1800 2188 districtum

99 2235 186 2292 quem
201 2219 372 2293 episcopum
390 2219 529 2276 Romanas
543 2220 632 2288 sadis,
649 2223 682 2276 ut
695 2221 833 2293 diximus,
843 2238 923 2279 com·
974 2220 1106 2277 iudicem
1123 2221 1241 2294 premia
1255 2227 1367 2280 eternas
1384 2221 1464 2295 puois
1475 2221 1636 2279 invenient
1654 2221 1760 2277 limen.

101 2307 273 2365 munionem
288 2307 443 2366 habentem
460 2312 489 2364 et
507 2307 542 2364 de
557 2325 616 2381 quo
645 2309 761 2382 planam
788 2312 921 2369 notitiem
1013 2310 1117 2366 batum
1129 2311 1264 2368 Latersni
1275 2327 1457 2384 parmarum
1472 2310 1606 2378 ioannis,
1619 2309 1649 2366 S.
1665 2307 1803 2365 Mariein

101 2397 245 2469 habeatis,
258 2414 308 2472 per
321 2414 373 2455 voe
384 2402 509 2455 transire
524 2399 690 2472 contigerit,
706 2402 741 2458 ab
759 2417 792 2457 eo
808 2403 926 2460 benedi·
974 2397 1130 2455 (iosmadin
1141 2400 1258 2456 dissoni
1268 2399 1547 2470 oardinelis,sanotas
1560 2399 1697 2455 Romanas
1708 2395 1805 2454 scala

101 2487 213 2545 olioues
228 2504 366 2545 vesorum
383 2493 411 2545 et
433 2489 570 2560 vestium,
594 2493 830 2549 consecrationes
852 2491 924 2548 slte-
975 2487 1026 2544 sias
1041 2487 1218 2559 cancellarii,
1233 2507 1254 2546 n
1270 2490 1415 2547 Kalendas
1430 2489 1508 2557 lleii,
1526 2488 1688 2545 indictione
1701 2502 1742 2556 xr,
1758 2487 1806 2542 ln·

19 2584 23 2591 “
101 2576 190 2647 rium,
200 2577 399 2635 ordinationes
409 2578 801 2638 monachorumanotoritete
811 2587 925 2655 aposto·
976 2579 1154 2635 carnationis
1172 2580 1328 2636 [lominica
1340 2595 1417 2635 anuo
1435 2578 1514 2647 l208,
1532 2577 1721 2650 pontificatus
1733 2591 1802 2632 vero

100 2663 252 2724 licesedis
268 2666 395 2740 recipere
406 2666 536 2725 veleatis.
566 2668 654 2726 Porro
680 2671 704 2727 si
728 2671 857 2744 episcopi
879 2670 924 2728 vel
975 2666 1087 2722 domini
1103 2667 1265 2725 iunocentii
1277 2684 1357 2742 pape
1369 2667 1420 2738 ΙΙΙ,
1432 2683 1508 2724 enno
1524 2665 1692 2723 undecimo.

53 2776 56 2785 ·
101 2753 151 2811 elii
166 2755 356 2814 ecclesiarum
372 2761 499 2814 rectores
520 2758 550 2813 in
568 2759 779 2816 monesterium
794 2765 923 2818 vestrum
1327 2773 1443 2832 cxxv,

101 2842 146 2901 vel
159 2861 298 2917 perennes
310 2845 382 2902 inibi
392 2845 924 2917 constitutas,suspensionis,excom·
974 2861 1016 2917 Λα
1031 2866 1145 2918 petrum
1159 2863 1215 2934 (32)
1236 2862 1364 2919 asparem
1387 2863 1552 2919 mummii
1575 2860 1683 2918 sam
1701 2860 1803 2916 uarie

101 2933 923 3010 manicationisvelinterdictisententiamprcmulgave·
1011 2933 1200 3002 dost-Casiri,
1224 2933 1270 3002 [el.
1305 2933 1501 3007 Nori-Bsrqil,
1537 2935 1652 3007 ejusque
1684 2934 1801 3003 fratres.

101 3020 245 3090 rint,eive
260 3021 347 3078 etiam
364 3023 392 3078 in
406 3024 784 3097 mercenariosvestrospro
799 3029 923 3100 eoquod
1011 3005 1163 3090 *Rfff'lff'f
1182 3021 1227 3062 ‘⁰⁸
1249 3005 1300 3062 *ΙΨ
1332 3009 1512 3091 ffffffff'fdfr
1550 3014 1577 3062 θ’
1600 3012 1804 3061 ‘numeram'

101 3109 231 3169 decimes
247 3110 441 3178 nuntiabitis,
457 3113 518 3169 sive
535 3112 635 3186 alique
661 3131 773 3184 corum,
798 3133 862 3188 que
886 3117 922 3173 ab
939 3083 961 3152 C
1012 3076 1082 3133 hm
1096 3077 1131 3133 ad
1146 3093 1220 3149 Ῥω*
1233 3082 1395 3150 mmmm·

8 3258 14 3271 ,
101 3199 260 3272 apostolice
274 3199 455 3273 benignitate
468 3201 821 3271 vobisindultesunt,seu
834 3206 923 3263 bane·
1134 3166 1229 3240 (Am
1245 3166 1325 3223 ⁴²⁰⁸·
1351 3165 1493 3234 mmuh
1518 3163 1586 3223 Mi
1600 3164 1641 3266 5⁹?
1665 3251 1671 3264 .
1777 3251 1784 3263 .

101 3288 226 3345 faetores
240 3297 351 3346 vestros
367 3306 418 3361 pro
432 3305 466 3346 eo
482 3292 561 3362 quod
577 3291 767 3364 aliquavobis
783 3294 924 3351 beneficia
973 3250 1802 3392 [Εζίἓρῐὲξῖαζῖἓῆβξοάἦὲξῖἓθῗέἵιωὲἑξῇξιᾎζῖἓξξξίῑ,

99 3376 146 3433 vel
161 3378 304 3450 obsequia
318 3396 353 3436 ex
368 3379 511 3437 charitate
526 3382 727 3454 prostiterint,
738 3383 781 3440 vel
793 3385 827 3440 ed
842 3383 922 3442 labo·
1010 3398 1168 3470 djttgenter
1188 3401 1365 3472 exscriptum
1397 3399 1548 3455 nobiscum
1575 3394 1803 3453 communicavit

100 3467 225 3523 randum
241 3468 413 3525 advenerint
428 3469 456 3525 in
477 3468 536 3526 illis
562 3471 668 3528 diebus
687 3471 717 3528 in
743 3473 850 3546 quibus
872 3491 923 3532 ros
1009 3470 1092 3526 bone
1106 3470 1256 3528 memorias
1272 3475 1305 3528 D.
1322 3470 1415 3527 ebbae
1430 3468 1616 3527 Grendidior.
1628 3472 1802 3536 amorreus,

99 3555 250 3627 laboretis,
263 3563 291 3614 st
301 3557 351 3614 elii
362 3558 514 3628 feriantur,
526 3561 659 3618 eamdem
669 3563 843 3623 sententiam
856 3581 922 3637 pro·
1009 3541 1089 3616 ‘md

98 3642 231 3713 tulerint,
249 3645 342 3719 ipsam
367 3651 506 3720 tanquam
531 3656 632 3707 contre
654 3650 733 3707 sedis
757 3652 922 3725 apostolica
1015 3649 1209 3706 luuocsurrus
1223 3648 1390 3721 episcopus,
1406 3663 1508 3704 servus
1523 3661 1673 3705 servorum
1688 3645 1740 3702 Dei
1756 3644 1800 3702 di·

98 3732 215 3790 indulta
230 3735 374 3807 prolatam
391 3737 530 3794 duximus
546 3739 732 3797 irritandam.
748 3740 804 3799 Neo
820 3741 922 3799 littere
974 3740 1057 3800 lectis
1073 3737 1153 3808 liliis,
1169 3737 1273 3805 Pereo,
1284 3737 1382 3794 abbati
1395 3735 1567 3793 monasterii
1577 3738 1689 3792 Sancte
1701 3734 1801 3791 Marisa

98 3821 164 3879 ulle
179 3823 572 3899 firmitstsmbebeantquas
587 3829 921 3888 tecitonominaCister·
973 3826 1170 3894 Novi-Castu,
1194 3827 1319 3898 eiusque
1344 3825 1494 3899 iratribus,
1518 3829 1578 3881 tarn
1603 3823 1799 3897 presentibus

97 3911 206 3969 elensis
221 3913 350 3984 Ordinis,
367 3918 395 3973 et
414 3920 516 3973 oontre
538 3920 670 3974 tenorem
694 3918 922 3992 apostolicorum
973 3934 1063 3991 quam
1081 3914 1199 3984 futuris,
1213 3914 1378 3986 regularem
1393 3913 1483 3970 vitem
1510 3911 1662 3985 professis,
1683 3912 1715 3968 in
1737 3927 1800 3984 per·

98 4001 319 4076 privilegiorum
335 4003 500 4062 constiterit
513 4004 673 4079 impetrari.
690 4009 830 4066 Preteree
854 4027 921 4068 cum
973 4011 1107 4081 peluem·

97 4107 257 4150 oommune
267 4092 457 4151 interdictum
474 4101 557 4152 tarra
573 4096 673 4168 fucrit,
686 4097 769 4155 liceat
784 4100 867 4156 vobis
878 4100 921 4157 ni·
1010 4093 1187 4166 Religiosem
1203 4090 1292 4148 vitam
1308 4090 1496 4164 eligentibus,
1513 4089 1707 4162 apostolicum
1732 4105 1796 4146 con·

99 4178 262 4253 hilqminue
277 4183 308 4239 iu
324 4190 420 4243 vestro
429 4186 744 4243 monasterioexclusis
754 4203 921 4246 excommu-
972 4184 1054 4242 venit
1068 4183 1171 4239 edesse
1185 4178 1364 4253 presidium,
1380 4197 1417 4237 nc
1429 4181 1503 4236 forte
1522 4178 1684 4252 cujuslibet
1706 4184 1799 4235 teme·

103 4267 213 4327 nicatis
233 4276 262 4328 et
277 4273 440 4330 interdictis
455 4274 555 4330 divine
568 4273 664 4329 officia
679 4274 834 4333 celebrare.
858 4278 925 4335 Psoi
974 4274 1070 4331 siletis
1086 4273 1223 4328 incursus
1237 4272 1289 4325 aut
1303 4285 1353 4325 eos
1378 4286 1396 4326 a
1424 4269 1574 4341 proposito
1598 4273 1721 4335 revocet,
1746 4270 1800 4325 eut

98 4372 214 4430 quoque
228 4376 261 4415 eo
272 4361 477 4434 tranquillitati
487 4367 587 4418 vestre
598 4364 759 4436 peternein
771 4370 921 4437 posterum
974 4364 1074 4433 robur,
1090 4359 1169 4433 quod
1185 4357 1271 4427 absit,
1288 4373 1377 4413 sacres
1389 4356 1541 4430 religionis
1566 4355 1716 4431 infringet.
1742 4356 1800 4414 lle·

96 4445 294 4504 sollicitudine
311 4450 462 4521 providere
474 4450 793 4523 volentes,euctoritete
803 4460 921 4528 aposto-
937 4457 961 4522 Ι)
976 4457 1104 4525 propfer,
1120 4447 1218 4504 ᾶῦθθῑῑ
1234 4447 1264 4502 in
1279 4445 1404 4502 0θωίῦο
1421 4445 1483 4517 filii·
1506 4445 1611 4503 V0⁸²fi⁸
1629 4444 1721 4517 Ιῦθῑῑθ
1745 4461 1799 4518 1¹⁰·

95 4531 151 4590 lice
167 4535 358 4608 prohibemus
372 4544 405 4594 ut
420 4539 497 4595 infre
509 4540 662 4598 clausuras
672 4542 800 4600 locorum
812 4550 918 4601 vestro·
973 4538 1182 4597 stulationibus
1193 4535 1531 4604 elementarannuimus.
1543 4539 1573 4592 ef
1583 4532 1798 4591 m⁰n⁸⁸ltflum

95 4638 162 4680 rum
178 4640 230 4681 seu
257 4627 446 4700 grangiarum
471 4634 635 4687 vestrarum
660 4630 760 4689 nullus
784 4634 917 4706 rapinam
971 4628 1085 4685 Sancte
1100 4625 1197 4682 iterim
1210 4622 1403 4692 Novi-castri,
1419 4623 1449 4680 in
1465 4639 1523 4695 quo
1538 4623 1635 4681 divino
1647 4621 1718 4679 estis
1743 4621 1798 4678 ob·

93 4726 144 4769 eae
171 4713 282 4769 furtum
308 4715 412 4782 facere,
438 4717 536 4789 iguem
561 4734 717 4790 apponere,
741 4723 916 4794 sanguinem
971 4717 1074 4790 sequio
1089 4712 1261 4785 mancipati,
1273 4711 1329 4769 sub
1345 4711 1421 4771 beati
1438 4712 1515 4769 Petri
1530 4716 1559 4770 et
1582 4712 1677 4769 nostri
1698 4716 1796 4782 prota-

61 4857 66 4865 ,
92 4800 225 4866 fundare,
242 4802 390 4860 bominem
406 4810 516 4862 temere
535 4823 647 4878 capere,
672 4807 716 4863 vel
741 4807 916 4885 interlicere,
971 4807 1066 4864 ctione
1081 4803 1271 4876 suscipimus,
1291 4806 1320 4857 et
1344 4802 1495 4873 presentis
1519 4800 1621 4870 scripti
1645 4797 1797 4873 privilagio

92 4905 144 4948 seu
160 4892 327 4950 violentiam
341 4894 448 4951 audeat
476 4910 619 4952 exercere.
652 4897 792 4953 Praeterea
814 4914 916 4957 omnes
969 4894 1211 4957 communimus;
1228 4888 1375 4962 imprimis
1391 4890 1539 4962 siquidem
1560 4894 1737 4955 statuentes,
1765 4893 1799 4944 ut

90 4977 243 5038 libertates
255 4982 795 5058 ctimmunitetesepraedecessoribus
806 4988 915 5045 nostris
969 4986 1040 5041 ordo
1063 4981 1253 5046 monasticus,
1277 4978 1325 5051 qui
1359 4980 1521 5035 secundum
1554 4977 1646 5035 Deum
1672 4981 1701 5034 et
1720 4975 1798 5037 besti

88 5071 230 5127 Romanis
247 5072 437 5144 pontificibus
452 5073 547 5130 ordini
562 5080 659 5131 vestro
675 5090 840 5144 concessae,
861 5092 914 5133 neo
969 5072 1118 5130 Benedicti
1132 5067 1285 5141 Regulam,
1297 5071 1385 5139 flqtffi
1395 5066 1612 5124 issflfilufiffllssm
1625 5065 1799 5122 Ciflleffliffl·

87 5170 145 5210 non
160 5163 189 5213 at
203 5162 403 5232 exemptiones
417 5163 602 5218 secularium
618 5163 802 5220 exactionum
813 5165 913 5239 ersgi·
969 5164 1046 5220 sium
1058 5161 1195 5224 fratrum,
1210 5157 1240 5212 in
1254 5156 1356 5213 eodeni
1368 5156 1545 5213 monasterio
1560 5154 1719 5212 institutus
1729 5169 1799 5212 sese

7 5280 9 5285 -
85 5240 143 5299 bus
157 5251 186 5301 et
202 5248 396 5323 principibus,
411 5251 455 5308 vel
466 5250 534 5308 aliis
550 5250 688 5310 fidelibus
699 5252 914 5313 rationabiliter
967 5249 1162 5324 dignoscitur,
1179 5245 1328 5318 perpetuis
1344 5245 1453 5302 ibidem
1466 5241 1649 5318 temporibus
1673 5240 1798 5299 inviole-

83 5331 165 5390 vobis
193 5337 322 5396 indultas
350 5342 524 5399 auctoritato
557 5341 719 5413 apostolice
752 5343 912 5401 conflrma-
965 5338 1260 5399 biliterobssrvetur.
1277 5332 1427 5403 Preteree,
1451 5349 1646 5408 quascunque
1669 5347 1789 5405 posses·

7 5624 9 5631 .
117 5564 191 5642 (Μ’)
204 5564 291 5626 Deest
305 5567 424 5643 aliquid.
998 5571 1059 5649 (32)
1072 5569 1146 5628 Vids
1159 5567 1320 5645 tlplstolsm
1335 5564 1404 5626 libri
1418 5565 1513 5626 soteri
1527 5578 1589 5640 usn,
1602 5566 1665 5627 sot.
