3796 5986
69 223 141 307 itit
555 227 762 284 lrtitocnrt'rii
780 230 820 284 111
840 231 941 285 PAPB
958 228 1146 286 opuscuba
1164 229 1285 284 onnia.
1477 247 1479 250 ·
1723 219 1788 278 ssld
1835 306 1838 313 Ι

68 350 99 406 in
113 349 238 418 Domino,
255 349 284 405 in
301 348 365 423 ipso
380 350 479 424 verbo,
497 350 532 408 de
548 368 606 423 qno
622 352 765 425 scriptum
781 358 826 409 est
847 369 897 425 per
910 354 938 421 A
952 353 1152 426 suggestionis
1166 351 1297 421 initium,
1309 367 1360 424 pen
1379 350 1457 424 quod
1486 349 1647 407 demones
1675 344 1785 422 ingredi

33 466 36 479 ·
68 440 252 513 prophetam,
265 440 342 512 quod
356 441 488 496 Dominus
502 449 649 499 estnomen
661 444 687 498 ci
697 443 783 512 (Ptol.
796 442 890 515 cxvii).
947 441 1152 500 moliunturin
1170 445 1311 498 mentem.
1329 438 1380 496 llle
1396 439 1485 513 igitur
1502 456 1564 496 non
1591 436 1786 495 confunditur

68 528 207 600 speranti,
223 530 356 601 inquam,
376 546 432 585 non
449 529 477 585 io
494 547 536 599 se,
565 547 624 586 non
644 531 674 587 in
689 531 819 603 homine,
834 549 891 588 non
948 530 1239 606 quicontredicendo
1256 537 1284 585 et
1299 528 1487 586 reclamando
1504 525 1784 601 suisloquiturini·
1830 544 1833 551 ·

69 618 100 674 in
111 623 232 688 mundo,
249 619 300 675 sed
315 621 471 676 lautumiis
484 623 615 687 Domino,
626 621 676 694 qui
688 621 770 678 solus
781 621 894 680 salvare
949 621 1033 678 micis
1049 621 1078 676 iu
1097 625 1179 691 porta
1195 619 1341 676 utstatim
1355 619 1384 674 in
1400 617 1464 690 ipso
1479 634 1579 691 pravas
1611 615 1782 689 suggestio·

49 758 52 763 .
71 713 177 781 potest,
194 725 247 764 neo
258 708 436 780 derelinquit
451 715 603 782 sperantes
618 710 648 766 in
664 727 704 767 se.
722 713 817 778 Quare
948 708 1083 767 nisinitio
1091 709 1237 764 demones
1246 704 1787 779 objicietoipropettat,etnenantini-

104 816 263 873 dcustodia
274 815 410 871 matutina
421 833 506 887 usque
519 818 553 872 nd
563 820 670 873 noctem
694 822 782 889 speret
804 816 896 875 lsrael
950 801 1017 857 Πῖῑῦῑ
1033 800 1095 870 ejus
1106 797 1134 853 5⁰
1145 796 1390 869 ⁰³l³il02l¹⁸l¹ll¹²¹⁰⁸
1402 795 1505 852 ⁸¹¹5th
1514 795 1550 852 αὖ
1567 801 1692 884 Dalm
1705 793 1785 867 (9⁸st

70 906 101 961 in
116 905 240 961 Domino.
950 892 1073 959 cxxxix).
1083 888 1144 944 Non
1156 893 1202 943 est
1212 888 1312 958 itaque
1323 885 1540 942 contemnenda
1549 883 1662 958 vigilia
1674 888 1723 939 vet
1734 901 1789 940 cus

952 976 1313 1041 todiumatutiua‚dicciile
1326 974 1535 1031 Psalmiststlii
1544 971 1790 1029 matutinointer·

951 1069 1076 1142 ficielium
1091 1085 1185 1124 omncs
1198 1073 1353 1139 peccatores
1369 1075 1450 1123 terrae
1464 1066 1542 1120 tPsnl
1554 1068 1597 1135 c).
1625 1063 1790 1120 Nemetis

952 1160 1051 1228 uigilia
1063 1157 1207 1213 matutina
1215 1156 1342 1228 respexit
1352 1154 1483 1212 Dominus
1493 1159 1689 1226 superemini
1698 1153 1796 1224 AEpgp

90 1015 156 1070 -ttsi
171 1030 257 1069 mane
268 1013 421 1085 temporis,
437 1030 523 1069 mane
534 1014 644 1080 seculi,
658 1016 896 1087 menehominie,

71 1118 157 1161 mane
172 1102 240 1171 diei,
263 1118 347 1158 merie
372 1102 486 1171 salutis,
505 1119 591 1158 mane
616 1106 786 1174 peccatoris,
812 1118 898 1160 mans

70 1193 181 1266 glorie,
197 1208 281 1247 mane
298 1192 504 1264 prosperitatis
518 1198 547 1248 et
563 1209 650 1249 mane
678 1194 782 1265 culpae.
814 1197 898 1250 Mane

70 1280 211 1353 temporis
227 1290 269 1337 est
285 1280 443 1337 creationis
458 1281 588 1346 initium,
604 1283 712 1353 dequo
728 1282 837 1338 dicitur
862 1284 898 1338 ad
951 1249 1067 1313 ‘imm’
1079 1253 1107 1303 ⁰¹
1123 1245 1283 1302 ⁵⁰bmersit
1298 1244 1348 1301 5¹¹³
1363 1245 1392 1300 in
1419 1259 1498 1299 mm
1520 1243 1665 1300 Rubrum
1693 1240 1796 1315 (ΒΜ

72 1371 260 1429 Luciferum:
279 1370 414 1438 Quomodo
433 1370 569 1438 cecidisti,
595 1372 717 1442 duriter,
742 1374 791 1442 qui
819 1389 900 1428 mone
952 1337 1162 1433 ¹¹vd'ouaffl‘f
1183 1334 1308 1433 mdia
1334 1331 1481 1435 matulina.
1502 1349 1593 1405 ’ωε
1622 1332 1661 1389 “d
1692 1341 1797 1388 ηοω
1843 1400 1846 1415 ·

72 1459 321 1520 oriebarisitlsoi.
337 1469 406 1527 xiv).
423 1459 508 1515 Mane
525 1461 637 1524 saculi,
653 1460 844 1532 primereine,
864 1463 900 1517 de
952 1435 1041 1498 'pm‘
1053 1425 1137 1481 ’Μ
1151 1441 1181 1479 ⁰⁸
1203 1424 1331 1491 D⁰mm⁰’
1357 1427 1386 1479 et
1409 1426 1515 1478 mmm
1540 1425 1644 1495 901881
1658 1435 1796 1494 ΨΜ

74 1566 133 1622 qua
145 1548 250 1618 legitur
266 1567 273 1605 :
289 1550 365 1604 Exiit
381 1550 470 1619 primo
487 1566 567 1604 mnne
590 1550 740 1606 conducere
761 1554 900 1623 operarios
991 1535 1066 1605 Quin
1085 1532 1162 1602 “Did
1176 1531 1324 1587 ommim
1337 1529 1542 1601 mummia,
1553 1539 1587 1586 0¹
1598 1529 1802 1602 ⁶⁰Di⁰⁸⁰⁰ll¹¹⁴

74 1637 227 1695 invincem
240 1653 321 1692 suom
336 1637 446 1707 (llottli.
461 1640 520 1709 iix).
536 1643 618 1694 blane
635 1639 776 1706 bominis,
802 1641 900 1711 pueri·
955 1638 1017 1678 ‘mm
1031 1621 1192 1693 redimim-

75 1726 126 1795 iia,
156 1726 192 1782 de
220 1741 279 1795 qua
303 1724 413 1780 Veritas
443 1724 505 1780 ait:
541 1725 673 1796 Vigilate,
694 1728 760 1798 quin
793 1725 941 1795 neimtsss
991 1725 1462 1782 Eundemdicitmiserioordiam
1489 1738 1579 1795 quom
1605 1724 1802 1797 propitiatio·

75 1815 187 1888 quondo
200 1816 331 1870 Dominus
346 1816 446 1878 ueniet.
461 1829 520 1869 sero
535 1831 576 1869 nn
587 1815 676 1871 medio
688 1826 776 1885 nocte,
789 1817 903 1887 unpolli
960 1833 1026 1872 nem
1040 1805 1221 1888 praedixerat}
1235 1815 1263 1870 id
1281 1819 1327 1870 est
1340 1814 1597 1884 Christiim,juxta
1623 1813 1713 1886 quod
1735 1812 1803 1869 aiibi

77 1914 172 1970 centu,
186 1920 223 1958 mi
237 1919 318 1958 iniine
332 1906 432 1971 (illoro.
450 1904 523 1973 xiii).
540 1904 624 1959 Mane
635 1905 703 1971 diei,
721 1905 899 1973 diluculum,
959 1905 1083 1962 dicitnr:
1096 1904 1174 1961 ntuli
1188 1906 1258 1960 Deus
1271 1902 1492 1960 misericordium
1506 1919 1591 1958 suom
1605 1911 1634 1959 et
1647 1901 1799 1959 ueritatem

80 1992 199 2064 dequo
225 1991 351 2064 legitur:
395 1992 479 2048 Valde
518 2009 600 2049 mune
640 2011 697 2050 uno
725 1993 905 2050 Sodomorum
959 2011 1049 2050 suom.
1066 1991 1536 2065 ipsequoqneitedomptoralibi
1559 1990 1797 2064 appellatores·

80 2080 174 2154 (Herc.
189 2086 258 2149 xvi).
275 2080 359 2137 Mane
375 2079 493 2148 salutis,
510 2081 674 2138 incarnatio
691 2082 905 2155 Redemptoris‚
962 2085 1102 2155 demptio,
1117 2084 1196 2138 unde
1211 2083 1320 2138 Paulus
1335 2098 1342 2138 :
1358 2083 1454 2138 Factus
1469 2084 1510 2137 est
1537 2080 1624 2137 noim
1654 2082 1798 2153 sapientis

2 2228 6 2237 ,
32 2204 38 2215 «-
82 2170 119 2227 de
134 2186 192 2242 qua
207 2169 315 2225 dicitur
332 2186 338 2225 τ
356 2171 469 2238 Vespere
483 2171 577 2227 scietis
602 2173 668 2241 quia
696 2171 787 2227 veniet
813 2173 909 2227 Domi·
962 2177 988 2230 et
1003 2170 1153 2242 redemptio
1168 2172 1241 2242 (Cor.
1252 2173 1273 2244 il
1290 2175 1341 2240 ;et
1360 2170 1538 2227 Psalmista:
1566 2169 1799 2241 Redemptionem

85 2275 149 2322 nus,
176 2268 202 2314 et
229 2274 312 2314 mone
344 2260 471 2315 uidebitis
495 2261 613 2332 glorium
638 2261 697 2329 ejus
726 2261 822 2332 (deod.
839 2265 907 2323 xvi).
963 2262 1043 2317 misit
1059 2262 1192 2317 Dominus
1205 2261 1306 2332 populo
1318 2275 1366 2316 suo
1382 2258 1539 2332 (Pontos).
1554 2263 1663 2331 Ipsum
1684 2259 1802 2331 ergodi-

85 2348 171 2406 Mane
186 2348 357 2420 peccatoris,
370 2349 478 2405 inlusio
493 2349 603 2421 gratie,
619 2350 724 2421 deque
748 2349 908 2422 propbeta:
964 2351 1006 2406 cit
1016 2351 1261 2411 misericordiam.
1279 2355 1310 2405 ut
1324 2350 1472 2419 ostendat,
1494 2349 1573 2405 unda
1599 2349 1738 2405 maxime
1752 2349 1803 2403 ini·

86 2440 118 2496 ln
141 2438 324 2495 tribulatione
339 2453 388 2493 suo
404 2455 486 2494 mnne
513 2448 682 2507 conseruent
706 2438 741 2494 od
769 2455 814 2495 me
837 2438 911 2502 (Osee
966 2439 1091 2496 sericora
1115 2438 1289 2511 propitiator
1316 2437 1434 2502 existat,
1470 2437 1542 2510 quia
1568 2436 1716 2494 videlicet
1734 2437 1803 2510 opud

86 2532 136 2588 vil.
151 2526 353 2599 Monoglorie,
369 2527 555 2594 resurrectio,
571 2529 607 2584 de
622 2544 681 2600 qna
695 2528 768 2584 dicit
789 2527 911 2584 Psalmi·
966 2545 1030 2586 eum
1042 2536 1082 2583 est
1095 2529 1206 2599 copioso
1221 2528 1381 2600 redemptio,
1397 2527 1484 2583 idest
1499 2525 1633 2598 aspersio
1643 2526 1803 2599 sanguinis

87 2617 420 2676 statlloncostolotidi'
440 2617 584 2685 etoidclio,
614 2622 746 2690 quonium
769 2635 824 2675 non
841 2624 913 2675 Deus
968 2619 1113 2690 eiusdem,
1131 2617 1263 2689 quinque
1275 2618 1409 2688 pertibus
1425 2614 1615 2671 abundanter
1630 2615 1736 2680 ebusi,
1765 2614 1799 2670 ad

9 2724 12 2728 ·
88 2708 182 2765 nolens
198 2705 375 2780 iniquitatem
392 2717 422 2762 tu
435 2724 464 2763 es
478 2707 568 2774 (Psoi.
590 2709 620 2779 il.
637 2708 721 2764 Mene
738 2707 913 2780 prosperita·
969 2709 1085 2781 plenem
1105 2705 1338 2778 redemptionem
1355 2704 1505 2760 sul'iiciens
1533 2703 1698 2759 universis.
1731 2703 1804 2768 Ouo·

88 2797 138 2862 tis.
156 2796 260 2854 arrisio
277 2797 461 2869 temporalis,
476 2797 512 2852 de
527 2814 586 2869 que
597 2797 725 2854 dicitur:
743 2798 798 2863 Vae,
821 2801 914 2863 terrm,
969 2798 1049 2854 iiiam
1061 2812 1127 2852 cum
1142 2796 1205 2867 ipse
1217 2795 1351 2850 silverus
1364 2794 1450 2864 Deus,
1466 2797 1495 2848 et
1509 2793 1545 2849 ob
1557 2792 1614 2849 boo
1629 2808 1804 2865 omnesom-

92 2886 172 2957 cujus
198 2886 337 2958 principes
361 2901 444 2941 mune
470 2885 613 2942 comedunt
643 2886 742 2958 (Docte.
771 2887 810 2957 xl.
832 2887 916 2942 Mene
970 2882 1422 2958 iesreputenturqunsiniliilum
1442 2897 1541 2939 eoram
1570 2882 1680 2955 eo(lsoi
1708 2881 1803 2952 uix),

94 2975 292 3046 onlpe,prava
307 2975 458 3045 suggestio
473 2975 508 3030 de
524 2991 580 3046 qua
597 2974 726 3031 dicitur:
744 2974 917 3044 Quasimunc
971 2992 1050 3032 unus
1065 2991 1117 3047 pro
1134 2973 1279 3029 universis
1313 2971 1439 3040 suffecit,
1464 2972 1523 3028 imo
1547 2970 1805 3044 superabundavit

20 3046 23 3051 ¹
87 3079 231 3135 repensus
245 3078 328 3134 super
347 3066 453 3117 montes
479 3064 551 3133 (doct
578 3068 620 3133 ii).
648 3058 723 3135 drgo
749 3081 768 3119 a
791 3064 914 3120 custodie
931 3104 953 3174 c
972 3064 1104 3122 omnino.
1121 3063 1157 3117 iti
1171 3062 1236 3117 ideo
1252 3078 1311 3117 non
1339 3058 1410 3116 dicit
1436 3060 1514 3132 quod
1545 3060 1728 3130 necessaria,
1754 3060 1802 3116 sed

88 3154 228 3209 matutino
243 3167 329 3222 usque
344 3151 379 3206 nd
393 3155 509 3216 noctem,
522 3152 550 3207 iil
567 3158 612 3208 est
627 3153 662 3208 ab
684 3153 832 3210 infusione
847 3170 916 3225 gra·
972 3154 1049 3225 quod
1063 3154 1176 3223 copioso
1189 3152 1226 3207 sit
1249 3155 1323 3222 opud
1338 3150 1435 3220 ipsum
1454 3148 1621 3220 redemptio.
1649 3148 1801 3220 Redempti

91 3240 139 3297 tiis
156 3257 251 3312 usque
265 3240 300 3296 ed
318 3240 493 3309 duomilia,
507 3243 542 3297 de
554 3258 609 3312 quii
619 3241 728 3313 legitur
741 3259 747 3299 :
762 3244 838 3299 Venit
849 3259 916 3305 noc.
971 3248 1047 3302 enim
1056 3260 1150 3299 sumus
1162 3259 1219 3299 non
1231 3241 1459 3312 corruptibilibus
1469 3256 1542 3297 auro
1556 3249 1583 3295 ct
1613 3245 1746 3311 nrpmdo,
1760 3239 1805 3295 sed

89 3330 200 3405 quando
216 3346 295 3386 nemo
309 3335 396 3400 potest
411 3333 521 3401 operari
535 3331 627 3401 (loon.
645 3332 695 3401 ix).
708 3330 759 3388 Vel
782 3332 819 3387 ab
847 3332 919 3386 bora
970 3336 1090 3407 pretioso
1105 3331 1245 3401 sanquine
1260 3332 1328 3399 noni
1344 3330 1520 3386 immaculati
1534 3329 1557 3400 (l
1580 3330 1641 3385 Pet.
1661 3329 1682 3395 i)
1700 3345 1709 3397 ;
1723 3330 1807 3400 Juxta

90 3417 304 3478 incarnationis
317 3419 454 3491 usquead
470 3419 714 3491 tempnsjudioii,
725 3422 762 3477 de
776 3420 916 3492 quodioi·
972 3422 1050 3496 quod
1062 3420 1131 3477 alibi
1153 3420 1261 3477 dicitur
1278 3437 1285 3476 :
1312 3419 1459 3477 ltcdemisti
1472 3435 1532 3487 nos,
1548 3420 1676 3486 Domine,
1694 3420 1728 3474 in
1741 3433 1804 3473 san·

89 3512 156 3565 tur:
173 3508 262 3564 illedin
290 3518 367 3564 nocte
394 3509 499 3574 clamor
523 3512 615 3579 luctus
643 3512 683 3565 est
712 3510 817 3581 (illmlli.
840 3509 916 3580 xxv).
972 3514 1118 3582 puinetuo
1135 3508 1271 3583 (Apocii)
1288 3526 1296 3578 3
1312 3525 1380 3564 nain
1398 3507 1562 3580 redemptio
1577 3507 1699 3581 propria
1729 3506 1801 3563 dici·

90 3598 154 3656 stre
166 3614 183 3653 a
197 3602 274 3653 statu
287 3597 489 3670 prosperitatis
510 3598 653 3668 usquead
670 3598 855 3654 adversitatis
871 3615 916 3655 ar·
973 3606 1022 3658 tur
1034 3601 1168 3657 liberatio
1184 3616 1247 3672 quie
1263 3599 1296 3654 lit
1312 3598 1380 3654 dato
1397 3595 1501 3669 pretio.
1514 3595 1606 3653 Homo
1618 3611 1804 3669 namquena-

92 3686 292 3754 ticulum;de
306 3703 364 3759 quo
380 3685 574 3758 legilnrtl’er
589 3686 661 3744 diem
674 3687 719 3744 sol
733 3704 789 3743 non
807 3692 917 3755 urstis.
973 3688 1318 3764 ipsumiisnderepotuit
1339 3686 1369 3743 iii
1399 3685 1569 3743 servitutem
1594 3685 1721 3752 diaboli,
1752 3684 1804 3741 aad

94 3791 183 3850 neque
199 3777 265 3831 turio
280 3790 328 3846 per
343 3780 450 3832 noctem
464 3776 551 3843 (Psul.
568 3776 644 3845 anx).
666 3775 761 3845 Speret
774 3778 873 3843 lsrael,
888 3776 918 3831 id
974 3779 1117 3836 redimere
1127 3794 1186 3832 non
1201 3776 1293 3848 potuit
1308 3775 1439 3846 seipsum
1455 3791 1472 3830 ii
1502 3775 1643 3831 servitute
1670 3772 1803 3840 diaboli;

94 3871 139 3925 est
153 3865 197 3921 vir
209 3863 315 3933 tidelis,
341 3865 372 3919 in
388 3864 513 3920 Domino.
531 3865 630 3920 Potest
654 3866 740 3920 utinm
765 3865 807 3922 sic
835 3865 920 3921 intel·
973 3869 1051 3925 unde
1066 3867 1101 3921 ad
1113 3865 1343 3936 redemptionem
1358 3863 1454 3937 ipsius
1464 3862 1631 3920 neeessaria
1644 3862 1706 3919 fuit
1719 3864 1801 3918 miss·

94 3955 165 4030 ligi:
181 3953 337 4012 dcuetodlo
350 3953 489 4009 matutino
503 3969 589 4025 usque
605 3955 640 4009 ad
662 3963 778 4020 noctem,
791 3954 820 4010 id
843 3959 921 4011 esta
973 3956 1096 4014 ricordin
1111 3954 1227 4010 Domini
1242 3955 1361 4025 copioso.
1377 3953 1454 4010 Sane
1469 3953 1557 4010 bomo
1579 3953 1733 4024 peccando
1744 3969 1805 4008 ser·

91 4047 175 4122 justo
192 4060 285 4116 neque
298 4044 333 4099 ad
351 4047 656 4116 peecatorem,omnes
671 4043 791 4100 omnino
802 4048 921 4116 sperent
974 4062 1043 4101 vum
1056 4042 1204 4100 subtraxit
1218 4047 1247 4098 et
1271 4040 1394 4098 abstulit
1421 4043 1489 4111 Deo,
1519 4056 1607 4114 quein
1637 4042 1765 4099 tradidit
1778 4044 1806 4097 et

94 4136 126 4192 in
142 4137 266 4191 Domino.
284 4137 323 4188 lix
338 4149 395 4204 qno
411 4132 489 4188 enim
504 4132 669 4189 infunditur
684 4132 796 4189 bomini
815 4133 920 4206 gretia,
975 4133 1102 4205 subjecit
1116 4131 1244 4189 diabolo.
1260 4135 1319 4187 Pax
1331 4130 1420 4203 igitur
1435 4130 1512 4185 inter
1526 4146 1576 4185 eos
1587 4128 1807 4186 rationabiliter

96 4238 281 4298 perseverare
300 4221 387 4277 debat
405 4220 920 4294 inbono,utmcrilosperetdeDeo
975 4224 1038 4281 fieri
1069 4225 1268 4294 nonpotsrat,
1287 4219 1345 4275 nisi
1374 4220 1517 4275 damnum
1548 4219 1627 4291 quod
1649 4217 1806 4283 intulerat.

96 4329 192 4385 usque
213 4313 248 4367 ad
267 4311 599 4382 ltneniritae‚qnoniam
624 4313 674 4382 qui
705 4311 922 4382 perseveraverit
976 4317 1167 4370 restauraret.
1187 4307 1448 4366 tlomoveronibil
1475 4308 1611 4374 babebat,
1636 4309 1719 4379 quod
1749 4309 1806 4367 Deo

95 4418 183 4474 usque
196 4401 227 4457 in
234 4400 331 4472 finem,
341 4401 386 4456 bic
395 4400 488 4456 salvus
500 4401 554 4455 erit
572 4404 682 4468 (llottli.
703 4401 827 4472 μην).
840 4400 922 4457 Unde
976 4402 1064 4475 digne
1079 4403 1314 4470 recompensaret
1325 4414 1376 4469 pro
1389 4398 1516 4465 damn03
1533 4396 1613 4469 qnia,
1632 4395 1659 4453 si
1679 4397 1755 4468 quid
1772 4398 1806 4455 da

95 4491 126 4547 in
141 4490 204 4563 lege
219 4495 308 4562 caput
318 4495 346 4545 ct
356 4490 449 4545 cauda
463 4487 565 4545 hostia
577 4489 724 4544 debebant
734 4490 830 4545 offerri
846 4491 921 4561 (Les.
936 4479 960 4544 D
976 4488 1169 4546 irrationabili
1191 4488 1364 4544 redderetur
1385 4490 1533 4552 creatura,
1554 4501 1607 4558 pro
1637 4485 1806 4543 rationabili

95 4581 158 4654 vii).
178 4583 344 4653 litempora
359 4578 571 4636 incarnationis
582 4578 690 4636 Christi
705 4579 774 4636 data
789 4587 833 4636 est
844 4584 922 4636 certa
976 4578 1143 4635 substantia
1158 4576 1258 4631 minua
1273 4579 1361 4631 esset.
1372 4575 1428 4631 Sed
1444 4573 1595 4630 bominem
1611 4589 1670 4631 non
1702 4581 1803 4648 potue·

98 4687 166 4745 spes
179 4668 288 4744 populo
303 4668 482 4734 Christiano,
492 4675 524 4724 ut
534 4670 570 4724 dc
582 4668 805 4725 resurrectionis
817 4669 921 4741 glorili·
976 4669 1115 4740 ratdigne
1124 4667 1289 4732 restituere,
1298 4664 1490 4736 quietustum
1500 4663 1728 4720 etinnocantem
1739 4666 1806 4721 abs·

98 4761 215 4819 catione
237 4758 374 4823 confidat,
390 4757 831 4830 praeesrtimeanoDominusa
848 4775 922 4815 mor·
975 4757 1083 4815 tulerat
1108 4761 1137 4812 et
1148 4754 1293 4812 neminem
1304 4753 1359 4809 nisi
1371 4751 1806 4827 peccatoreminvenisbat.lli·

97 4854 126 4908 te
142 4847 313 4907 resurrexit.
329 4847 385 4903 Sed
402 4862 607 4918 emensusque
618 4846 654 4903 ud
664 4861 770 4903 noctem
794 4848 877 4904 idest
891 4848 922 4905 in
976 4848 1049 4903 dens
1066 4846 1164 4918 itaque
1179 4849 1257 4900 Deus
1273 4844 1423 4899 homiuem
1439 4857 1494 4896 sua
1509 4839 1617 4895 virtute
1633 4856 1694 4896 non
1719 4857 1807 4914 possa

98 4940 249 5015 prosperis
260 4943 288 4994 ct
304 4936 434 4992 adversis
451 4936 538 4991 bomo
556 4936 650 4992 fidelis
665 4953 783 5010 sperare
794 4939 880 4993 debet
892 4938 922 4994 in
972 4939 1079 5008 jugum
1096 4934 1293 4990 damnationis
1308 4931 1439 4997 evadere,
1457 4931 1597 5001 prevenit
1611 4944 1679 4986 eum
1693 4946 1749 5003 per
1760 4948 1806 4988 so·

16 5094 19 5099 ,
99 5024 921 5098 Domino‚utinilloconlldens,neoproeperiselevetur‚
976 5025 1034 5081 lam
1052 5017 1727 5087 misericordiam,uldeindeiibsrarstetiam
1758 5035 1810 5093 par

99 5134 152 5176 neo
167 5117 323 5188 dejiciatur
335 5114 475 5170 advorsis.
485 5113 924 5186 Estqussempershipsomane
973 5115 1133 5187 justitiarii.
1145 5111 1182 5168 Ut
1195 5128 1264 5184 argo
1283 5112 1358 5167 Dens
1375 5108 1484 5183 placari
1503 5112 1603 5180 posset
1617 5107 1655 5163 ab
1666 5107 1805 5178 homins,

100 5201 618 5275 custodiasinevigilianeoessaria‚
636 5219 671 5257 ne
700 5219 750 5274 per
778 5206 923 5274 serpentis
977 5199 1396 5272 dedittteusbominigralis‚
1421 5198 1499 5269 quod
1529 5196 1618 5253 bomo
1643 5211 1679 5253 ea
1708 5196 1809 5255 debito

100 5294 239 5352 astutiam
256 5295 303 5366 pie
323 5291 445 5346 intentio
462 5295 678 5361 corrumpatur.
695 5295 816 5362 Propter
844 5295 922 5365 quod
977 5292 1112 5349 redderet
1127 5291 1195 5347 Deo.
1213 5287 1296 5345 Dedit
1311 5286 1401 5361 igitur
1414 5287 1564 5343 bominem
1575 5283 1703 5355 bomini,
1717 5302 1807 5360 qnam

100 5383 170 5440 alibi
183 5383 310 5439 dicitnr:
326 5382 384 5438 Nori
399 5380 597 5454 confundetur,
608 5395 671 5434 cuin
685 5379 810 5451 loquetur
824 5381 923 5438 inimi·
977 5382 1144 5440 restitueret
1165 5379 1253 5436 bomo
1266 5394 1316 5450 pro
1338 5378 1465 5445 bomine,
1481 5374 1541 5448 qui,
1571 5377 1606 5430 ut
1629 5389 1805 5450 recompen-

99 5474 139 5531 cis
149 5474 209 5528 suis
225 5473 345 5543 inportu
361 5472 446 5544 ll’snl.
458 5473 563 5542 cxxvi).
577 5466 689 5525 Inimici
705 5485 834 5543 namque
853 5476 923 5529 sunt
977 5471 1052 5531 satio
1067 5468 1156 5544 digna
1170 5467 1263 5536 lieret,
1279 5464 1370 5540 priori
1380 5482 1439 5523 non
1453 5462 1550 5522 solum
1562 5467 1643 5521 assat
1666 5463 1805 5541 aqualis.

102 5561 667 5636 demones,quihominiedversantur:
681 5566 924 5634 portaestpravis
978 5561 1030 5621 s'ed
1045 5561 1136 5619 etiam
1151 5558 1256 5630 maloi.
1273 5555 1308 5613 ut
1330 5553 1449 5628 quidem
1473 5550 1627 5628 oportebat
1641 5566 1714 5611 anm
1738 5570 1805 5614 osas
