3796 5986
88 240 141 301 aas
675 233 980 295 sunnnaraanrou.
999 233 1113 291 -arn
1129 231 1209 290 aros.
1746 233 1799 307 roo

120 372 230 427 Datum
251 367 399 437 Laterani,
421 382 473 440 per
496 380 618 422 manum
644 363 782 432 loannis,
804 363 916 419 Sancta
931 363 959 429 Α
973 375 1038 417 sum
1050 362 1361 434 monasterinmoapnt
1376 377 1435 418 nou
1453 360 1601 419 immerito
1616 363 1797 434 statuamut,

93 459 194 517 llario
210 459 240 514 in
251 457 407 515 cosmedin
423 455 536 512 diaconi
551 453 721 522 cardinalis,
733 453 845 510 Sanctus
859 452 917 507 Ro·
975 465 1043 506 uam
1060 465 1094 505 ax
1110 465 1143 506 ao
1159 453 1300 522 tauquam
1315 467 1351 506 aa
1365 450 1445 508 fonte
1459 449 1628 508 monastice
1643 449 1799 524 religionis

92 565 188 607 mane
204 546 341 604 sentenia
355 544 535 612 cancellarii,
554 542 679 600 arriani.
697 541 842 611 ianuarii,
865 541 914 597 ia·
975 555 1080 595 norma
1094 540 1232 595 manavit.
1248 539 1366 597 accedit
1380 540 1417 597 ad
1433 540 1499 611 bon,
1515 541 1591 613 quod
1607 538 1686 596 idem
1710 555 1797 598 veno·

89 637 224 694 dictione
236 654 266 693 xr
276 637 344 709 (54),
356 633 572 691 iucarnationis
581 633 739 690 Dominicis
750 648 826 687 anno
840 631 918 698 t208,
975 628 1115 685 necabitis
1124 627 1205 685 locus
1215 629 1495 687 nomannucclssie
1504 628 1798 688 filiorumuaicnmln
1883 628 1886 633 ’

89 727 287 801 pontificatus
300 741 369 782 vero
389 724 501 782 domini
514 722 677 780 innocentii
693 720 825 796 popelli
841 736 919 776 anuo
974 717 1104 776 adversis
1115 718 1266 790 solatium,
1277 723 1306 776 et
1316 718 1344 774 in
1357 720 1506 792 prosperis
1516 719 1671 792 infatigata
1681 719 1798 792 requies

91 815 263 874 undecimo,
975 811 1153 882 perseverat,
1164 812 1193 864 et
1204 825 1257 864 nos
1268 824 1338 881 arga
1357 813 1526 866 sannionum
1547 809 1668 865 Petrum
1683 816 1798 867 nostro·

248 892 251 897 ’
438 904 580 961 CXXXII.
974 913 1040 952 rum
1055 895 1800 970 Zeucharie,ttenedinti,Leonis,Stspbaai,tlauan·

90 995 347 1069 Adtrahiepiscopo
362 1002 387 1051 et
401 993 537 1067 episcopos
552 1009 602 1056 ner
616 992 782 1049 Sardiniam
791 992 920 1047 constitu·
975 984 1032 1055 dri,
1049 985 1168 1051 Urbani,
1184 985 1347 1055 paschalis,
1374 989 1459 1058 alque
1474 986 1576 1043 Culixll
1602 987 1735 1060 νθῡῐὶεἰίῦ
1750 987 1799 1045 in·

248 1077 300 1124 tos.
317 1099 351 1109 -
364 1068 418 1123 Pro
430 1067 598 1121 monasterio
614 1064 766 1121 Catinensi.

180 1139 277 1211 (Auno
289 1138 443 1210 raumara.
460 1137 491 1193 S.
508 1138 698 1203 Germanum,
714 1134 773 1192 lul.
791 1136 831 1207 o.)

976 1073 1125 1135 sistentes.
1148 1074 1313 1131 ooenobium
1338 1075 1448 1147 ipsum,
1464 1080 1493 1133 ct
1516 1076 1651 1132 universa
1676 1092 1741 1148 quas
1759 1077 1797 1134 ad

976 1178 1044 1218 eum
1060 1162 1217 1234 pertinent,
1230 1164 1330 1236 quieta
1340 1181 1468 1236 sempor,
1483 1168 1512 1221 et
1523 1164 1559 1221 ab
1568 1164 1701 1221 amnium
1719 1181 1798 1223 mor·

145 1228 193 1298 [D.
208 1232 306 1295 T⁰⁸Tb
323 1228 414 1284 330'2'0
435 1228 512 1284 dena
525 1226 607 1282 badia
622 1225 726 1291 cmlv
740 1227 776 1296 ¹¹³
791 1225 865 1293 234]
975 1250 1079 1308 talium
1091 1252 1165 1325 jugo
1181 1251 1273 1310 libera
1288 1268 1420 1324 manere,
1431 1270 1463 1310 ar
1481 1255 1537 1310 sub
1551 1253 1645 1312 solius
1669 1258 1687 1310 8
1714 1254 1749 1312 ll.
1764 1257 1799 1312 E.

126 1319 324 1374 lanonunrrus
336 1316 503 1389 episeopus,
516 1331 618 1371 servus
629 1330 780 1371 servornm
792 1313 853 1382 Dei,
870 1328 919 1369 vc·

972 1340 1040 1412 jure
1055 1340 1284 1414 defensioneque
1309 1347 1450 1415 perpetua
1472 1342 1580 1400 babere
1600 1343 1799 1403 decernimus.

92 1402 663 1475 acrabilibusiratribusarobiepisnopis
674 1402 858 1475 etepisnopis
870 1417 920 1473 per
976 1428 1007 1485 1„
1024 1430 1133 1501 quihus
1148 1431 1209 1487 hmo
1223 1432 1350 1505 propriis
1365 1433 1509 1488 duximus·
1520 1432 1699 1489 adnotanda·
1725 1491 1730 1503 ’

93 1495 265 1553 Sardiniam
282 1492 462 1561 constitutis,
478 1492 606 1550 salutem
621 1496 651 1548 et
662 1490 854 1564 apostolicam
869 1491 920 1547 bc·

93 1583 307 1642 sedictionem.

127 1674 175 1731 ad
198 1673 401 1731 defensionem
426 1688 522 1728 rerum
549 1670 720 1727 Gesinensis
749 1668 920 1726 monasterii

93 1767 178 1820 tanto
193 1761 369 1836 ampliorem
381 1777 434 1818 nos
445 1760 580 1818 convenit
591 1758 823 1817 sollicitudinem
840 1758 919 1815 exbi-

91 1853 162 1908 bere
179 1856 292 1925 quanto
307 1851 382 1907 idem
399 1849 481 1906 locos
510 1867 577 1906 cum
607 1849 746 1906 omnibus
762 1850 797 1905 ad
824 1847 922 1921 ipsum

91 1941 313 2015 pcrtinentibus
328 1940 424 2012 adjus
435 1940 515 1996 Beati
528 1938 603 1995 Petri
620 1937 778 2011 specialius
789 1938 922 1995 noscitur

93 2029 257 2104 pertinere.
278 2028 387 2085 Verum
403 2030 482 2100 quod
504 2045 556 2101 par
581 2028 766 2100 presentiam
789 2031 921 2084 nostram

92 2119 216 2178 effectui
231 2118 400 2190 mancipare
424 2134 482 2174 non
497 2133 669 2190 possumus,
695 2121 809 2190 oportet
825 2123 858 2173 nt
873 2133 924 2189 per

90 2210 205 2266 iratres
221 2210 337 2264 nostros
353 2205 590 2278 archiepiscopos
604 2208 633 2260 et
648 2205 802 2277 episcopos
826 2205 923 2261 adim·

94 2300 180 2372 plere
197 2312 346 2354 curamus.
358 2293 448 2368 Cujus
464 2294 505 2350 rei
520 2294 616 2368 gratia
631 2293 804 2350 fraternitati
822 2300 923 2350 vestra

93 2404 149 2460 per
164 2383 328 2458 apostolica
343 2385 453 2457 scripta
464 2382 632 2441 mandando
647 2383 923 2457 precipimusqua·

94 2481 186 2534 tonas
202 2473 352 2542 ecclesias,
365 2479 394 2530 et
411 2472 470 2529 alia
484 2473 571 2541 bona,
587 2489 651 2544 que
675 2472 778 2529 beatus
801 2472 924 2530 Benedi-

96 2570 166 2623 ctus
181 2563 213 2620 in
229 2563 331 2620 vestris
347 2561 495 2636 parochiis
507 2562 606 2630 babet,
627 2579 679 2635 pro
703 2562 777 2618 beati
792 2563 882 2631 Petri,
897 2566 926 2619 st

97 2659 202 2712 nostra
230 2653 392 2710 reverentia
407 2651 539 2725 diligere,
556 2656 584 2707 et
599 2656 788 2709 manutenere
804 2652 924 2724 curctis,

96 2749 127 2801 at
141 2748 246 2800 coutm
259 2758 413 2815 pravorum
424 2741 579 2798 bominum
587 2742 739 2798 molestias
750 2742 923 2814 defendatis,

97 2832 275 2904 nullamque
285 2831 574 2890 eisooatrariotatem
586 2831 629 2886 vel
638 2831 864 2889 diminutionem
878 2832 925 2886 in-

95 2923 212 2993 ieratis,
226 2925 278 2978 aut
292 2922 329 2977 ab
342 2921 408 2978 aliis
421 2921 598 2994 permittatis
610 2921 726 2990 interri;
747 2921 772 2979 si
797 2921 847 2995 qui
871 2938 923 2979 au·

97 3017 160 3068 tem
176 3027 227 3067 eas
247 3010 387 3067 iniectare
400 3008 650 3083 presumpserint,
665 3009 784 3083 plenam
799 3012 835 3066 de
850 3010 923 3083 ipsis

92 3101 246 3173 justitiam
260 3099 383 3156 iacietis.
399 3099 541 3156 Preterea
556 3099 580 3156 si
591 3099 687 3172 quisfi

98 3188 320 3246 venerabilibus
335 3188 407 3247 lonis
421 3189 457 3246 de
472 3189 560 3246 rebus
576 3189 638 3245 suis
653 3189 785 3246 conterre
800 3190 926 3247 voluerit

99 3278 273 3336 nullatenus
288 3278 442 3352 probibere
470 3277 514 3336 val
537 3278 738 3336 contradicere
767 3295 926 3352 prasuma-

99 3367 152 3424 tis.

141 3463 248 3516 Datum
257 3458 336 3532 apud
346 3458 487 3515 Sanctum
500 3456 691 3526 Germanum,
703 3474 724 3514 n
734 3457 833 3515 Nonas
842 3456 923 3515 iulii.

439 3564 581 3622 cxxxiii.

206 3654 336 3713 nonaria
350 3653 507 3711 Catinensis
514 3653 663 3726 priuilegia
673 3655 826 3725 confirmat.

403 3762 496 3829 (Auno
520 3760 620 3834 12082)

96 3854 142 3927 [o.
168 3853 268 3919 Tosnr,
291 3850 384 3908 &oria
410 3849 485 3906 delta
508 3850 592 3906 badia
616 3850 722 3917 dosia,
748 3850 784 3917 11,
807 3849 871 3922 287,
887 3864 922 3906 ex

236 3922 383 3997 originali.
399 3922 485 3996 Capu.
502 3922 636 3994 diplom,
652 3923 681 3992 i,
696 3938 726 3977 n.
741 3921 782 3991 9.]

130 4033 323 4089 lanocsnrrus
335 4030 502 4102 episcopus,
514 4045 616 4085 servus
634 4044 783 4084 servorum
797 4027 858 4094 Dei,
873 4027 920 4084 di·

94 4119 169 4177 lecto
182 4119 212 4176 iu
228 4119 352 4176 Domino
367 4118 428 4175 illio
443 4117 543 4175 abbati
555 4115 734 4174 venerabilis
760 4116 840 4172 Beati
867 4117 920 4173 Be·

1012 1519 1375 1591 Inprimismonastcrium
1383 1520 1801 1594 DomiuiSaivatorispositnm

976 1608 1012 1665 ad
1024 1608 1128 1681 pedem
1141 1609 1239 1665 (larini
1250 1610 1366 1681 ttoutis3
1376 1611 1588 1669 monasterinm
1598 1616 1626 1667 S.
1644 1611 1693 1668 Dei
1708 1611 1800 1669 Geni·

1033 1717 1040 1753 ι
1145 1717 1150 1753 ι

936 1701 1801 1865 ⁸titiniotutti?titutionis

976 1879 1078 1949 pedem
1095 1878 1181 1936 Csini
1210 1879 1330 1952 Montis,
1354 1880 1511 1938 Castellum
1528 1881 1557 1937 S.
1578 1880 1656 1938 Patri
1671 1882 1749 1954 quod
1765 1881 1802 1940 ab

978 1967 1111 2039 antiquis
1135 1969 1249 2026 dictum
1277 1973 1323 2026 eat
1349 1970 1484 2026 Castrum
1501 1970 1648 2029 Casini...
1678 1975 1799 2029 Patruus
1872 1961 1880 1977 ”

977 2063 1115 2130 praterea
1126 2064 1294 2116 nostrorum
1307 2059 1466 2117 innitentes
1475 2059 1607 2134 vestigiis
1612 2061 1675 2135 jam
1688 2061 1800 2118 dictam

976 2146 1135 2204 casinense
1157 2149 1324 2206 caenobium
1345 2150 1458 2207 ceteris
1480 2165 1532 2224 per
1547 2151 1647 2207 orbem
1661 2149 1802 2208 caenobiis

978 2236 1194 2309 praeterendum
1207 2239 1380 2308 asserimus,
1390 2243 1419 2296 et
1427 2242 1488 2296 tam
1500 2246 1540 2311 te,
1551 2255 1639 2312 quam
1651 2254 1801 2298 suecesso-

979 2341 1026 2382 res
1042 2334 1106 2382 tuos
1117 2327 1146 2381 in
1162 2329 1241 2383 omni
1256 2333 1399 2384 conventu
1414 2329 1677 2402 episcoporumaea
1694 2328 1802 2402 princi·

980 2430 1051 2486 pum
1064 2415 1230 2488 superiores
1240 2416 1378 2474 omnibns
1391 2417 1548 2475 abbatibus
1571 2419 1740 2489 concedere,
1757 2423 1802 2476 at·

979 2518 1036 2575 qao
1056 2504 1084 2559 in
1098 2504 1221 2576 judiciis
1232 2506 1344 2578 priores
1355 2507 1521 2563 nataristai
1533 2506 1646 2565 ordinis
1658 2508 1727 2564 viris
1738 2524 1801 2565 seu·
1851 2546 1854 2553 ·

978 2593 1241 2666 tentiampmierra
1261 2596 1422 2652 sancimus.
1439 2596 1530 2652 Usum
1555 2612 1671 2669 quoque
1686 2613 1802 2671 compa·

978 2696 1093 2754 garum,
1105 2699 1139 2739 ao
1150 2682 1313 2754 chirotecae,
1330 2683 1504 2756 dalmaticae,
1516 2690 1605 2759 atque
1615 2684 1719 2757 mitras,
1736 2688 1799 2744 tam

978 2769 1799 2849 tibiqnamsuccossoribnstnisinpraecipuisnnniieati·

977 2859 1131 2930 vitatibus,
1142 2878 1174 2917 ac
1192 2862 1296 2919 dicbus
1315 2864 1477 2922 Dominicis
1495 2865 1531 2920 ad
1548 2864 1683 2935 missam,
1700 2880 1752 2923 sau
1768 2864 1799 2925 in

978 2964 1119 3007 concessu
1135 2951 1251 3008 concilii
1262 2952 1430 3010 babendum
1445 2953 1644 3012 concedimus.
1652 2954 1728 3011 Sane
1739 2958 1800 3014 tam

977 3037 1007 3093 in
1024 3039 1088 3111 ipsu
1099 3040 1261 3097 venerabili
1276 3043 1466 3113 monasterio,
1484 3060 1575 3116 quam
1588 3043 1619 3098 in
1636 3041 1717 3100 cellis
1735 3044 1799 3116 ejas

689 3098 924 3156 destilfflelsdflm
941 3113 1138 3199 chjoslibat
1167 3129 1295 3186 ecciesiae
1319 3131 1501 3206 episcopum,
1527 3131 1570 3188 vel
1603 3132 1799 3205 sacerdotem,

980 3217 1255 3288 preterllomannm
1267 3220 1433 3294 pontificem
1450 3220 1608 3278 dictionem
1624 3220 1798 3294 quamlibet,

979 3309 1031 3361 aut
1039 3307 1322 3381 excommunicandi,
1331 3309 1595 3379 autinterdiuendi,
1606 3311 1701 3366 autad
1710 3324 1799 3384 syna·

979 3393 1049 3451 dum
1078 3399 1257 3455 convocandi
1286 3415 1462 3472 presumere
1485 3399 1688 3473 probibemus,
1704 3400 1746 3457 ita
1766 3404 1800 3459 ut

979 3482 1036 3541 uisi
1052 3486 1087 3541 ab
1104 3487 1219 3556 abbate,
1237 3487 1369 3560 prioreve
1389 3489 1476 3546 luerit
1491 3489 1643 3561 invitatus,
1659 3476 1713 3546 neo
1726 3488 1798 3548 mis-

977 3589 1079 3630 sarum
1095 3574 1238 3633 solemnia
1251 3575 1325 3634 inibi
1341 3579 1448 3635 audeat
1458 3576 1640 3636 celebrare...
1650 3578 1797 3651 chrisma,

977 3662 1075 3719 oleum
1088 3668 1234 3733 sanctum,
1251 3668 1487 3725 consecrationes
1502 3666 1652 3737 altarium,
1678 3684 1731 3726 sau
1745 3669 1798 3725 ba·

976 3751 1797 3832 silicaram‚0rdinationesnlericarumaquocunqasma·

976 3840 1089 3899 lueritis
1104 3843 1249 3901 catholico
1264 3846 1401 3919 episcopo
1425 3846 1585 3920 accipiatis.
1611 3847 1798 3921 Baptismum

974 3947 1042 3987 vero
1058 3932 1243 3990 intirmorum
1267 3935 1453 3993 visitationes
1474 3953 1525 4008 per
1539 3937 1662 3994 clericos
1683 3940 1796 3994 vestros

974 4018 1005 4075 iu
1030 4021 1147 4094 oppidis
1172 4023 1282 4090 vestris,
1308 4040 1357 4080 seu
1379 4023 1458 4081 villis
1479 4025 1607 4097 agatis..
1630 4025 1719 4081 Porro
1742 4040 1795 4097 pro

975 4109 1128 4181 amplioris
1152 4112 1359 4169 benevolentiae
1383 4112 1476 4185 gratia
1501 4129 1591 4185 qnam
1615 4129 1669 4170 nos
1691 4117 1797 4185 prester

976 4202 1143 4254 nostrorum
1159 4202 1408 4271 predecessorum
1419 4200 1573 4258 dilectione
1581 4202 1658 4257 ciroa
1666 4205 1796 4260 vestrum

96 4210 203 4267 nedicti
218 4209 389 4266 monasterii
400 4208 579 4275 Gasiuensis,
600 4208 723 4279 eiusque
746 4205 922 4262 successori·
1781 4280 1786 4287 .

975 4289 1186 4344 monasterinm
1199 4291 1340 4359 gerimus,
1352 4289 1499 4346 licentiam
1524 4290 1589 4360 tibi,
1613 4307 1647 4347 an
1659 4288 1799 4365 legitimis

96 4299 150 4356 bus
166 4297 342 4371 regulariter
356 4297 562 4368 promovendis
577 4297 607 4351 in
625 4300 810 4369 perpetuum.

129 4389 201 4445 Cam
219 4388 386 4458 injunctum
402 4385 487 4442 nobis
507 4384 673 4456 apostolice
693 4385 772 4440 sedis
788 4384 919 4440 osticium
974 4379 1178 4433 sucessoribus
1190 4378 1249 4434 tuis
1267 4379 1468 4448 concedimus,
1486 4379 1560 4435 atsi
1576 4380 1793 4453 quiacJusdem
1880 4446 1883 4451 ,

96 4475 303 4533 univorsisnos
314 4490 366 4548 par
381 4474 480 4531 orbem
493 4473 744 4530 ecclesiiseiflniat
759 4473 918 4542 debitores,
976 4467 1145 4522 ministerii
1161 4467 1262 4534 vestri,
1279 4472 1329 4523 aot
1351 4466 1491 4524 cellarum
1506 4471 1570 4541 ojus
1581 4471 1796 4544 possessiones,

94 4564 346 4623 vestmcasinensi
359 4562 921 4635 monasterioquammaximeobnoxios
976 4560 1092 4610 autres
1113 4554 1253 4612 violenter
1267 4555 1452 4626 abstulerint,
1478 4561 1634 4630 postquam
1661 4558 1794 4634 ipsorum

84 4656 218 4723 -taniuut,
239 4657 269 4712 et
289 4652 454 4711 beatissimi
468 4653 564 4708 Patris
585 4652 678 4707 nostri
690 4651 840 4708 Benedicti
856 4668 921 4709 mo·
975 4641 1102 4715 0Pl⁸⁰⁰l³l
1119 4661 1133 4699 ⁸
1149 4644 1232 4700 V⁰bl⁵
1255 4645 1341 4701 lsslfi⁰
1364 4645 1491 4714 invitalis
1517 4648 1666 4719 justifiam
1692 4650 1729 4706 ⁶⁰
1752 4648 1795 4706 ⁰5⁸

92 4743 296 4817 anticategts
320 4740 424 4798 latoris
443 4741 601 4814 prasentia
612 4739 772 4813 corporane
783 4746 812 4796 et
823 4742 852 4796 in
869 4757 921 4797 vo·
974 4731 1069 4787 tacere
1084 4733 1204 4789 omnino
1220 4734 1378 4801 noluerint,
1393 4751 1445 4791 vos
1460 4752 1551 4809 super
1564 4737 1682 4793 eosdem
1698 4742 1795 4811 rapto

93 4832 137 4890 hl!
153 4848 205 4906 per
220 4831 271 4890 Dei
287 4829 413 4904 gratiam
429 4830 566 4902 usquead
576 4833 678 4885 1105th
686 4835 821 4901 tempora
836 4830 921 4886 inde.
975 4837 1031 4888 168,
1045 4823 1176 4877 Secundo
1189 4824 1308 4879 tertiove
1328 4822 1533 4896 ΟΟΠΙΠΙΟῘῙῙωδ,
1556 4826 1725 4884 eanonicam
1744 4843 1794 4884 ΟΣ·

92 4918 920 4995 summum,,jugobgorvantiamandatorumflnde
974 4910 1250 4967 communicationis
1271 4912 1446 4969 sententiam
1469 4914 1655 4987 proferatis...
1682 4915 1795 4988 Siqua

90 5016 120 5071 at
130 5009 317 5069 sanctissimi
329 5013 429 5065 Patres
439 5009 531 5064 nostri
548 5008 673 5064 Romani
689 5007 846 5079 pontifices
869 5007 920 5080 qut
971 5015 1039 5071 orgo
1056 4999 1086 5054 in
1102 5000 1262 5056 crastinam
1278 5001 1479 5059 ecelesiastica
1494 5003 1538 5059 vet
1562 5002 1713 5062 secularis
1727 5021 1794 5078 par-

93 5118 148 5160 uos
161 5101 193 5157 in
209 5099 280 5156 aede
295 5096 456 5172 apostoliea
469 5101 682 5170 precesserunt
696 5096 828 5154 omnium
838 5096 867 5153 id
877 5097 920 5170 ip·
969 5101 1042 5142 sona
1056 5086 1131 5143 bano
1147 5093 1254 5144 nostru
1270 5088 1491 5147 constitutionis
1521 5090 1660 5164 paginam
1685 5091 1794 5164 scieas,

88 5312 328 5400 oppugnatam,
344 5311 424 5369 sodis
440 5310 608 5437 apostolice
626 5310 741 5393 legatus
762 5310 798 5367 ab
821 5312 917 5368 liono-
1009 5310 1066 5384 ,5ii
1081 5306 1232 5366 Undecima
1245 5325 1252 5364 ε
1266 5307 1308 5365 sic
1323 5308 1363 5393 in⁸
1372 5308 1552 5382 apographo.
1563 5309 1680 5394 Varum,
1695 5328 1794 5397 nouae

88 5381 918 5583 “diffinitiotittntttttigititiiiut?
972 5379 1793 5520 iiiiiiuinticttt‘ntiititiotttttitin

88 5527 505 5597 ntanu„v1d.ntaii,nnno
528 5527 605 5583 1240.
630 5526 649 5583 0

87 5606 162 5662 tom.
177 5600 217 5673 11,
232 5597 278 5662 noi
291 5599 337 5657 27.

992 5525 1160 5584 notificatus
1172 5539 1210 5589 xn,
1228 5524 1364 5581 currebat
1375 5525 1440 5595 jam
1462 5525 1584 5583 indictio
1607 5527 1792 5586 duodecima.

662 5527 783 5585 daimon
794 5526 917 5598 tiaran„
1010 5601 1028 5656 d
1043 5598 1079 5655 de
1093 5595 1149 5654 hoo
1164 5593 1246 5652 alibi·
