3796 5986
32 246 49 285 ·.·
146 228 202 288 855
239 269 242 275 ·
578 228 788 289 madenam
805 231 845 286 111
863 230 966 285 PAPAE
983 227 1178 317 enudans
1195 227 1245 284 DE
1262 226 1424 286 macris.
1809 226 1863 285 ⁴56

35 364 38 373 '
56 368 60 375 ·
146 360 271 431 utraque
286 369 379 410 unum
396 353 504 426 (lipara.
531 354 583 424 ιι);
600 375 614 403 a
637 353 711 424 lapis
734 351 896 425 angularis,
920 350 971 423 qui
987 354 1012 421 Α
1028 365 1076 407 ree
1091 355 1208 408 nostros
1222 349 1286 423 ipse
1300 350 1378 421 tulit,
1395 350 1548 409 etdoloree
1559 357 1675 410 nostros
1687 353 1753 424 ipse
1764 359 1862 424 porta·

20 442 23 449 ’
38 514 42 522 ,
147 448 222 504 duos
237 443 377 501 ediverso
390 444 516 516 parietes
530 442 559 498 in
571 459 630 498 uuo
641 458 713 498 novo
727 441 846 498 bomine
856 439 975 513 copula·
1029 439 1071 495 vit
1086 445 1153 507 (Ira.
1170 448 1240 511 aur).
1257 462 1272 492 ιι
1284 446 1405 499 Carnem
1422 448 1520 499 autam
1537 448 1723 516 assumptam
1740 458 1798 499 non
1814 461 1859 501 so·

147 536 189 593 vit
205 534 310 607 (itta).
327 534 443 590 Poterat
459 532 695 590 Deusbominem
720 531 782 587 solo
808 531 897 588 verbo
923 546 975 603 per
1029 528 1091 585 lum
1107 531 1189 587 dedit
1204 547 1256 602 pro
1273 532 1397 588 nobiain
1411 532 1549 603 pretium,
1562 537 1594 588 ut
1605 532 1762 590 redimeret
1778 550 1863 591 uosa

148 624 308 700 potentiam
323 622 458 690 liberare,
471 623 519 679 ead
533 621 712 678 maluiteum
724 622 868 677 redimere
882 620 975 693 pretio
1031 623 1135 687 morte,
1152 636 1251 676 verum
1268 621 1356 676 etiam
1369 622 1447 678 dedit
1464 638 1529 676 eam
1546 622 1631 678 nobie
1647 623 1677 678 in
1703 622 1816 691 cibum,
1831 629 1862 681 ut

148 731 200 789 per
210 713 372 786 justitiam,
388 715 421 768 ut
435 727 501 767 sum
518 728 575 767 non
592 712 627 766 ad
644 710 817 783 potentiam,
834 710 885 767 sed
907 711 975 781 jus·
1029 708 1182 766 aleretnos
1196 709 1232 766 ad
1248 710 1349 767 vitam.
1361 711 1529 767 Secundum
1545 711 1624 783 quod
1637 712 1764 783 ipsemet
1775 713 1859 786 polli-

147 803 396 862 titiaminvitaret.
415 802 450 857 itt
463 803 582 873 justum
599 804 670 871 erat,
688 803 720 855 ut
735 799 824 855 homo
840 816 891 871 per
904 814 968 870 prr·
1029 802 1127 854 cetur:
1142 821 1156 848 ιι
1175 799 1259 854 Panis
1274 815 1362 870 quem
1378 816 1431 873 ego
1447 800 1534 869 dabo,
1555 817 1622 857 caro
1649 817 1715 858 mea
1739 806 1786 859 set
1809 820 1858 876 pro

145 888 799 965 tiumpoeneredimereturadebitoculpae:
827 888 974 962 placando
1030 887 1202 943 mundivita
1216 889 1309 960 (iona.
1325 892 1375 960 ιιι),
1392 888 1537 947 ›ruteicut
1549 892 1712 963 percibum
1725 894 1857 951 morsiu-

32 1006 38 1017 ·
145 1000 198 1057 per
211 997 340 1054 pinnam,
357 995 444 1051 quem
460 979 622 1036 offenderat
636 994 688 1051 per
703 977 830 1050 cuipam.
858 976 974 1034 Nullius
1029 980 1158 1033 traversi
1172 977 1200 1033 iu
1218 979 1331 1045 orbem,
1347 978 1388 1035 ita
1403 979 1563 1050 percibum
1574 979 1635 1036 vita
1645 981 1755 1039 rediret
1765 983 1856 1040 ader·

44 1128 47 1135 ,
145 1071 223 1129 enim
237 1086 323 1143 poena
336 1069 470 1126 sulficere
482 1072 595 1140 peterat
609 1069 643 1121 ad
658 1069 784 1140 pretium
797 1067 974 1138 redemptio·
1029 1064 1106 1122 bem.
1124 1067 1206 1122 Sicut
1220 1067 1298 1122 enim
1314 1067 1476 1139 corporalis
1491 1069 1550 1125 rita
1560 1068 1624 1126 siue
1635 1070 1781 1142 corporali
1793 1071 1856 1129 cibo

20 1174 34 1195 ¹·
45 1182 52 1191 ··
145 1161 192 1218 nis
208 1161 406 1231 bumanaepro
417 1158 556 1213 omnibus
568 1173 575 1212 ε
589 1158 750 1228 presertim
766 1173 834 1212 cum
851 1154 975 1228 quilibet
1029 1170 1086 1211 non
1103 1158 1199 1228 potest
1213 1156 1387 1223 subsistere,
1399 1158 1439 1213 ita
1450 1157 1613 1230 spiritualis
1624 1158 1683 1215 rita
1694 1160 1759 1216 sine
1770 1162 1857 1235 spiri·

144 1253 223 1309 esset
236 1248 351 1306 debitor
366 1263 476 1320 paenae:
494 1263 552 1301 non
569 1245 664 1301 sulum
676 1261 710 1300 ex
726 1245 882 1317 iniquitate
893 1259 974 1300 com·
1027 1243 1100 1300 tuali
1116 1245 1181 1301 cibo
1197 1262 1254 1302 nnn
1271 1251 1369 1317 petest
1384 1245 1490 1303 nutriri
1503 1264 1510 1303 :
1523 1270 1537 1298 ιι
1554 1247 1616 1304 Nisi
1632 1250 1855 1306 manducaveri·

146 1340 248 1410 missa,
259 1333 884 1393 verumetiamexlabecontracta:nemesi
895 1332 973 1389 dixe·
1028 1337 1076 1405 tis,
1092 1333 1198 1405 inquii,
1210 1350 1327 1392 caruem
1343 1334 1409 1392 Filii
1426 1335 1565 1402 bominis,
1581 1341 1610 1392 et
1634 1336 1770 1395 biberitis
1791 1341 1856 1411 ejus

144 1429 238 1484 rimus
254 1429 323 1498 quia
335 1430 487 1498 peccatum
502 1441 559 1480 uon
584 1424 739 1491 habemus,
766 1422 902 1494 nosipsos
926 1439 971 1478 ee·
1027 1423 1212 1494 sanguinem,
1230 1440 1287 1480 non
1304 1423 1452 1481 habebitis
1467 1425 1555 1481 vitam
1569 1425 1599 1480 in
1614 1427 1698 1483 vobis
1717 1428 1822 1501 (itia).
1839 1451 1854 1480 ιι

142 1518 290 1585 ducimus,
307 1517 452 1573 etveritae
468 1515 497 1570 in
520 1514 606 1570 nobis
632 1530 690 1569 non
715 1518 760 1569 est
774 1514 798 1579 (l
815 1516 896 1569 loon.
907 1514 938 1583 1).
955 1535 970 1564 ιι
1027 1511 1144 1568 Verbum
1159 1512 1257 1585 itaque
1271 1530 1334 1570 cara
1348 1517 1451 1586 sactum
1465 1518 1514 1582 ast,
1538 1518 1570 1571 ut
1584 1517 1660 1588 quod
1682 1521 1746 1574 erat
1770 1519 1853 1577 cibos

144 1607 273 1665 «Omnes
293 1604 515 1662 declinaverunt
533 1601 623 1659 simul
644 1601 766 1658 inutiles
798 1601 870 1658 iacti
888 1608 968 1659 sunt:
1026 1600 1197 1675 angelorum
1214 1603 1376 1659 secundum
1390 1604 1581 1677 divinitatem,
1597 1606 1680 1662 lieret
1694 1606 1779 1663 cibus
1797 1608 1851 1665 bo·

140 1700 255 1754 nonest
269 1695 319 1768 qui
332 1695 420 1750 iaciat
436 1694 556 1761 bonum,
573 1708 630 1746 non
647 1696 692 1747 eet
705 1707 796 1761 usque
817 1692 852 1747 acl
874 1707 967 1747 unum
984 1733 1007 1799 B
1026 1691 1310 1747 minumsecnndum
1324 1692 1540 1750 humanitatem
1554 1699 1604 1750 :ut
1615 1712 1721 1767 paueat
1732 1696 1851 1769 angelo·

140 1787 227 1862 (Ptol.
243 1788 317 1856 ιιιιι).
335 1808 345 1835 ι
366 1782 507 1851 Quocirca
524 1782 640 1838 Verbum
654 1795 719 1837 caro
741 1783 848 1852 sactum
872 1786 923 1848 eti,
938 1787 968 1837 ut
1023 1796 1089 1835 rum
1106 1781 1297 1837 manducaret
1312 1781 1400 1838 homo
1415 1783 1503 1854 (Paci.
1530 1784 1628 1856 arari),
1645 1807 1659 1836 ιι
1686 1801 1774 1842 omne
1798 1787 1850 1843 de·

108 1918 111 1923 ·
143 1870 970 1943 incarnemundissima,queprorsueesseiimmunisa
1020 1867 1321 1927 lectnmentuminee
1341 1871 1510 1940 habentem,
1538 1876 1567 1928 et
1590 1890 1707 1931 omnem
1733 1877 1849 1948 asperis

142 1964 238 2037 culpa,
253 1963 427 2021 sustinendo
441 1976 555 2033 pinnam
573 1959 745 2028 indebitam,
770 1959 897 2031 pretium
921 1974 968 2015 re·
1019 1959 1277 2032 suavitatemlsmr.
1290 1961 1416 2031 x).»-«
1429 1961 1537 2018 Probet
1548 1971 1644 2019 antem
1655 1966 1849 2037 seipsumho·

45 2046 62 2063 ’“
139 2053 319 2127 demptionis
335 2053 472 2108 bumana
488 2056 543 2107 Deo
559 2049 747 2121 persolverat,
764 2071 779 2099 ιι
795 2049 968 2104 lactusoba·
1020 2049 1848 2120 mo,etdepaneistoeicedat,etdecalicebibat.ltam

32 2142 37 2159 ¹
141 2136 965 2214 dieususqueadmortem‚mortemautemcrucie(Pbii.
1018 2137 1295 2208 quipanemistum
1309 2139 1849 2213 manducatindigns,judiciumsibi

140 2232 184 2304 ιι).
200 2254 214 2283 ιι
232 2254 292 2282 -ιι
309 2228 462 2302 Redempti
479 2228 557 2284 enim
575 2244 679 2283 sumus
704 2243 762 2282 non
787 2226 964 2298 corruptibi·
1019 2226 1187 2294 manducat,
1203 2243 1260 2281 non
1285 2228 1451 2297 dijudicans
1475 2246 1583 2302 corpus
1614 2231 1763 2303 dominil!
1782 2233 1845 2290 Cor.

137 2320 217 2377 libus
233 2336 303 2376 auro
318 2318 361 2374 vel
375 2321 507 2389 argento,
522 2317 572 2373 eed
589 2315 681 2388 pretio
693 2331 811 2388 magno,
822 2315 964 2386 sanguina
1016 2318 1065 2382 ιι).
1084 2336 1098 2364 ιι
1114 2315 1288 2371 sicutenim
1305 2318 1398 2372 bonus
1415 2319 1588 2375 sustinendo
1608 2326 1731 2376 mortem
1758 2322 1847 2379 vitam

22 2408 28 2449 '-
44 2394 64 2463 ᾖ
138 2408 207 2481 agni
221 2407 434 2476 immaculatiil
444 2411 519 2462 Patr.
531 2406 562 2477 ι).
576 2428 590 2455 »ι
603 2405 655 2460 llic
665 2410 709 2460 cet
719 2421 856 2460 commus
867 2420 963 2459 eacer-
1017 2403 1159 2474 acquirit3
1172 2405 1212 2459 ita
1226 2403 1321 2460 melus
1331 2409 1475 2461 sumendo
1488 2407 1588 2475 vitam,
1601 2415 1726 2466 mortem
1745 2411 1846 2467 iucur-

140 2500 205 2570 doe,
221 2498 252 2555 in
270 2499 356 2568 cuiue
373 2502 466 2552 morte
479 2495 518 2551 rei
535 2494 585 2566 qni
598 2494 735 2566 lugerent
756 2494 791 2549 art
816 2494 963 2549 civitatem
1015 2493 1064 2548 rit.
1075 2492 1134 2547 Nos
1143 2508 1222 2564 erge,
1235 2476 1350 2559 iratres,
1361 2499 1449 2550 tanta
1460 2497 1560 2568 gratias
1573 2514 1628 2553 non
1640 2499 1736 2555 simus
1747 2501 1845 2573 ingra-

140 2584 361 2661 relugii,securi
373 2584 639 2640 revertebanturad
653 2582 961 2655 proprialNum.xav).
1015 2580 1047 2650 ti,
1058 2582 1110 2637 sed
1130 2581 1315 2653 Redemptori
1337 2592 1437 2640 nostro
1457 2585 1648 2657 dignissimae
1669 2593 1769 2658 grates
1789 2606 1843 2662 pro

139 2676 276 2749 Suscepit
290 2675 380 2748 igitur
394 2674 424 2729 in
441 2689 597 2745 supernam
611 2672 821 2744 proomnibus,
838 2676 870 2726 ut
881 2673 963 2726 daret
1014 2674 1097 2727 tanta
1111 2671 1204 2742 gratia
1215 2672 1386 2739 referamus,
1404 2673 1557 2729 humiliter
1583 2675 1786 2748 implorantes,
1810 2685 1842 2735 ut

137 2781 190 2837 per
204 2780 236 2822 se
251 2764 372 2837 gloriam
390 2760 546 2829 universis,
562 2760 637 2816 lsaia
649 2765 722 2816 teste
732 2761 783 2831 qui
799 2760 883 2815 sitm
895 2760 961 2815 Vul·
1014 2759 1065 2832 qui
1081 2760 1175 2816 iactus
1189 2766 1234 2816 est
1249 2761 1397 2833 particeps
1412 2767 1519 2818 nostre
1536 2770 1645 2819 naturae
1662 2767 1683 2835 tl
1708 2769 1773 2823 Car.
1791 2770 1843 2838 ιι),

135 2858 255 2912 aeratus
270 2857 315 2908 est
329 2850 624 2926 propteriniquitates
634 2854 761 2916 nostras,
778 2848 894 2904 attritus
917 2854 962 2904 est
1013 2848 1102 2904 iaciat
1114 2864 1166 2903 nos
1177 2848 1335 2921 participes
1347 2866 1407 2906 eae
1417 2850 1528 2923 gloriar,
1540 2852 1628 2909 Jssus
1641 2854 1774 2912 Christus
1786 2857 1842 2913 Do·

138 2949 258 3017 propter
272 2941 383 2998 scelera
398 2945 517 2996 rostra:
535 2937 689 3008 disciplina
700 2937 780 3009 pecie
791 2941 897 2994 nestra
910 2954 960 2993 eu·
1013 2941 1113 2992 minus
1129 2941 1238 3003 noster,
1256 2939 1305 3010 qui
1322 2947 1366 2993 eet
1379 2955 1430 3011 per
1446 2941 1546 2998 omnia
1567 2943 1643 3000 lleus
1669 2945 1843 3003 benedictus

134 3049 188 3107 per
199 3047 278 3101 cum,
295 3034 323 3085 et
338 3029 427 3084 livore
437 3029 502 3100 ejus
517 3026 612 3083 sanati
622 3042 737 3082 sumus.
749 3025 823 3082 Vere
833 3024 957 3098 languo-
1011 3025 1041 3082 in
1059 3025 1166 3082 aaeculs
1181 3027 1366 3083 seculorum.
1385 3034 1484 3086 tmen.

878 3338 1028 3407 subito
1054 3340 1096 3405 ΙΙ.

751 3496 788 3556 ΙΝ
809 3497 932 3554 EADEM
949 3494 1211 3555 subtitulatas.

130 3635 271 3706 Quomodo
284 3649 383 3691 aarum
397 3634 496 3689 muttit
505 3631 593 3688 modis
606 3631 638 3687 iu
648 3632 797 3704 Scriptura
810 3631 970 3698 accipiatur
984 3630 1091 3701 :deque
1106 3632 1212 3703 triplici
1234 3637 1354 3693 uanitate
1365 3637 1395 3692 ia
1416 3636 1518 3694 Christi
1544 3636 1691 3696 nativitate
1713 3642 1802 3711 sacta,
1812 3650 1841 3699 et

769 3712 906 3768 detritus
920 3713 998 3769 itlius
1019 3712 1192 3769 nominibus.
1507 3722 1514 3733 ·

161 4052 265 4110 lienum
278 4050 364 4123 iaciat
381 4047 515 4105 Dominus
533 4052 745 4119 superterram.
762 4045 875 4102 Femina
890 4044 947 4102 air·
964 4046 986 4114 (ζ
1005 4046 1245 4118 aureliacum).
1264 4069 1275 4099 ι
1294 4047 1406 4104 Novum
1421 4046 1530 4104 dicitur
1549 4048 1772 4122 miraculosum,
1788 4071 1834 4112 so-

122 4141 266 4201 camdabit
280 4142 373 4198 airum
383 4137 488 4212 premio
502 4137 575 4193 utari
589 4135 635 4193 tui
649 4136 717 4207 (ier.
733 4137 820 4207 xxm).
1004 4135 1134 4192 cundum
1151 4135 1242 4193 illud:
1257 4160 1270 4187 ιι
1279 4140 1389 4194 innova
1401 4138 1496 4211 signa,
1507 4144 1537 4195 et
1547 4139 1675 4197 immuta
1687 4142 1835 4200 mirabilia

160 4237 271 4288 Novum
287 4230 316 4285 iu
328 4245 411 4285 sacra
425 4222 669 4283 Serituramultis
685 4222 946 4296 modieaccipitur.
1004 4225 1099 4297 (dccli.
1116 4230 1224 4295 xxxvi).
1245 4251 1254 4275 ι
1272 4228 1377 4284 ilerum
1397 4243 1466 4300 ergo
1490 4230 1573 4301 iaciat
1599 4230 1732 4288 Dominus
1753 4248 1836 4307 super

33 4312 36 4317 ’
123 4324 197 4377 Nam
213 4335 320 4376 norum
337 4317 443 4373 dicitur
460 4317 603 4372 innovans
618 4318 646 4370 et
661 4330 768 4370 novum
781 4312 888 4368 dicitur
903 4314 948 4368 iu·
1003 4321 1117 4370 terram.
1134 4316 1206 4371 Nam
1223 4337 1236 4365 ιι
1248 4316 1398 4372 aDomino
1411 4318 1519 4373 lactum
1530 4323 1575 4374 est
1587 4319 1680 4391 istud,
1692 4324 1836 4380 cissimi-

123 4413 282 4476 novstum3
301 4423 406 4462 novum
419 4406 526 4461 dicitur
543 4420 655 4471 recens,
672 4407 701 4460 et
717 4418 824 4459 novum
840 4402 949 4459 dicitur
1004 4403 1095 4459 rabile
1110 4405 1139 4459 in
1152 4403 1246 4462 oculis
1262 4405 1473 4474 obstrietl’eal.
1486 4410 1573 4480 οιιιιιι)
1590 4430 1603 4459 ιι
1620 4409 1670 4466 His
1694 4413 1834 4469 omnibu,

122 4496 292 4565 insuetum,
305 4511 412 4551 novum
428 4493 534 4549 dicitur
550 4493 698 4561 ultimum,
711 4496 739 4549 et
754 4508 860 4548 novum
876 4491 947 4548 dici·
967 4463 988 4528 ⁰
1004 4493 1101 4550 modis
1116 4511 1218 4550 nactam
1233 4495 1300 4551 iecit
1313 4496 1447 4552 Dominus
1462 4513 1544 4570 super
1555 4502 1676 4564 terram:
1692 4503 1832 4573 quoniam

120 4590 170 4643 tur
185 4583 406 4642 miraculosum.
423 4587 534 4639 Novum
551 4581 658 4638 dicitur
673 4580 827 4651 innovans,
840 4598 946 4637 secun·
999 4585 1107 4654 lomina
1122 4583 1303 4640 circumdedit
1319 4587 1407 4640 airum
1423 4588 1621 4659 prominulam
1644 4589 1725 4645 rui«
1750 4591 1832 4648 'runo

121 4675 192 4733 dum
208 4673 315 4730 illud:«
328 4672 496 4728 Mandatum
507 4687 613 4727 novum
626 4669 946 4743 dovobie,utdiligatis
1001 4671 1078 4728 enim
1096 4673 1174 4728 venit
1190 4672 1331 4746 propheta
1349 4691 1485 4746 magnus,
1502 4681 1531 4732 et
1545 4677 1608 4749 ipsu
1622 4681 1832 4738 ronovavttae.

120 4765 257 4836 invicem,
271 4763 348 4819 sicut
362 4760 449 4816 dilexi
465 4777 526 4816 vos.
544 4760 632 4832 (ioan.
646 4760 718 4831 ιιιιι).
733 4783 744 4812 ι
762 4760 876 4815 Novum
901 4758 945 4815 di·
1001 4759 1203 4830 rusalemtler.
1214 4763 1831 4836 naun).·runoaonsummavitbominus

43 4862 47 4867 '
120 4855 198 4913 citur
216 4853 398 4917 innovatum,
419 4849 582 4905 secundum
609 4848 681 4904 illud
694 4867 704 4905 .·
721 4869 735 4898 a
751 4848 816 4903 vidi
838 4847 943 4905 ciclum
999 4853 1211 4906 testamentum
1229 4869 1336 4909 novum
1354 4871 1443 4926 super
1457 4854 1633 4927 Jerusalem,
1648 4857 1769 4914 domum
1787 4860 1829 4916 ls-

121 4961 230 5002 novum
246 4948 274 5000 et
288 4947 396 4997 terram
410 4954 514 4994 novam
530 4937 634 5010 ((1ipoa.
647 4941 714 5006 ιιι).
728 4959 741 4987 ιι
754 4968 788 4980 -
799 4960 813 4988 ιι
826 4938 944 4994 didixit
999 4938 1070 5007 rael,
1087 4945 1116 4996 et
1132 4957 1220 5014 super
1237 4942 1358 4999 domum
1375 4944 1451 4999 luda
1467 4963 1474 5014 3
1491 4960 1548 5000 non
1565 4946 1730 5002 secundum
1742 4952 1831 5005 testa·

119 5033 170 5108 qui
193 5032 314 5092 sedebat
347 5030 376 5084 in
401 5027 524 5084 throno:
559 5027 631 5083 licoe
648 5042 722 5082 nova
744 5026 819 5082 facio
845 5026 944 5084 omnia
999 5032 1688 5105 mentumquoddeditpatribuseorum,aum
1715 5037 1830 5094 exirent

118 5121 235 5196 (ibid).
267 5145 281 5172 ιι
316 5123 430 5176 Novum
476 5116 586 5173 dicitur
624 5131 735 5186 recens,
777 5117 940 5172 secundum
998 5119 1828 5195 deterraAEgypti.Tuncilludimpletomest:«Veto.

116 5208 190 5267 illud
206 5228 214 5267 ς
231 5206 552 5268 «Nemomittitvinum
565 5222 672 5262 novum
684 5203 713 5261 in
725 5210 943 5264 uteresvetores
997 5207 1132 5265 stissima
1144 5214 1276 5267 veterum
1294 5211 1464 5280 comedatis,
1475 5216 1504 5268 et
1518 5211 1600 5269 novis
1617 5216 1828 5285 supervenien-

118 5295 857 5374 (llarc.11).»Novumdiciturinsuetum‚eecundum
869 5295 942 5353 illud
997 5296 1077 5355 tibus
1091 5302 1191 5356 vetera
1207 5299 1474 5372 projicietis(iarii.
1499 5301 1586 5376 xxvi).
1605 5324 1619 5353 ιι
1635 5304 1719 5360 'runo
1746 5305 1826 5362 enim

118 5387 270 5461 «Linguis
284 5388 441 5461 loquentur
456 5384 550 5453 novis,
565 5388 716 5457 serpentes
732 5383 834 5440 tollent
847 5386 940 5458 (liare.
997 5402 1103 5443 novum
1121 5387 1535 5464 lecitllominusinpersona
1567 5408 1675 5449 novum
1702 5393 1771 5451 iecit
1795 5396 1827 5452 in

117 5478 185 5550 xri).
203 5499 213 5529 ι
232 5477 345 5533 Novum
362 5476 469 5533 dicitur
482 5474 632 5545 ultimum,
658 5474 819 5530 secundum
843 5474 938 5534 illud:
997 5481 1115 5546 natura,
1133 5494 1240 5537 novum
1252 5479 1320 5535 iecit
1334 5481 1363 5536 in
1379 5483 1484 5555 gratia.
1501 5482 1678 5555 lnpsrsona,
1689 5485 1761 5557 quis
1772 5502 1826 5543 no·

120 5590 132 5621 ι
149 5568 231 5626 Tunc
248 5564 372 5639 incipias
386 5582 454 5624 oum
468 5568 574 5625 rubore
587 5563 685 5624 locunt
695 5563 889 5623 novissimum
899 5570 941 5622 te·
994 5582 1065 5624 aum
1081 5567 1150 5626 lecit
1160 5568 1189 5626 in
1201 5574 1304 5639 matrs,
1317 5588 1424 5629 novum
1436 5570 1506 5629 iecit
1515 5571 1545 5629 in
1556 5571 1636 5645 prola
1647 5592 1654 5644 3
1664 5572 1695 5630 in
1707 5579 1825 5643 natura,
