3796 5986
68 204 112 261 297
425 204 727 262 supptementum
748 232 782 245 ·-
801 202 993 262 vamosult
1011 206 1193 263 EPISTOLAE
1210 209 1262 265 AD
1281 210 1401 266 treull.
1715 206 1769 289 298

66 334 89 388 et
100 327 172 386 alise
188 328 234 387 vel
249 327 324 387 ulios
341 329 376 385 de
391 328 566 402 cognatione
577 345 652 399 moa,
665 329 827 386 seeundum
838 345 887 386 vo·
902 339 928 405 Α
944 334 988 386 tes
1012 330 1216 403 possessiones
1243 333 1322 390 inire
1352 349 1454 390 muros
1476 331 1613 400 civitatis,
1639 336 1771 406 tempore

66 418 203 476 leucatem
220 435 317 490 suam,
333 419 433 493 generi
449 434 503 475 suo
519 418 650 492 copulari
667 418 782 474 luciam.
941 434 1056 492 gwerre
1072 437 1089 476 a
1108 421 1280 479 defensione
1292 421 1420 480 civitatis
1442 438 1474 478 se
1498 422 1719 490 subtraxerunt,
1735 420 1771 478 de

93 509 135 564 ll.
147 512 192 565 De
207 507 348 565 omuibus
362 507 532 565 excessibus
548 506 621 564 meis
632 507 668 563 ed
679 507 848 563 mandatum
859 509 888 564 et
941 506 1067 580 siugulis
1083 508 1191 565 mareis
1204 510 1353 567 redituum
1365 508 1531 583 persolvant
1541 526 1672 566 marcam
1683 525 1769 566 num·

65 595 240 654 utuntetam
257 595 371 654 domini
384 594 538 668 apostolici
547 595 647 666 Deest
655 594 791 653 Ecclesiae
802 595 888 669 plens
940 611 1066 652 morum.
1079 597 1152 654 ltem
1163 597 1341 671 cuicumque
1352 599 1460 656 civium
1473 598 1596 655 Adultus
1607 597 1767 671 archiepis·

67 687 259 743 substantem.
940 699 1031 757 oopus
1042 687 1204 758 quondam,
1217 685 1262 743 vel
1277 688 1376 744 Bruno
1387 687 1641 761 archiepiscopus,
1653 691 1770 744 monete

89 774 157 832 liaeo
171 779 203 833 et
218 777 319 832 omnia
333 775 363 831 in
379 773 536 848 presentia
547 773 659 831 domini
669 772 800 847 episcopi
810 773 885 832 Gon·
938 771 983 828 vel
998 773 1100 831 telonii
1127 775 1241 832 reditus
1266 776 1539 850 impignoraverint,
1555 775 1613 850 ipsi
1635 776 1767 833 debitum

58 862 240 934 etentiensie,
251 868 281 920 et
296 863 409 921 domini
420 863 538 921 Martini
550 862 657 937 prioris
667 861 884 919 Calmaldnlen·
938 877 1027 917 suum
1043 862 1194 936 recipient,
1211 868 1240 920 at
1256 864 1345 920 nichil
1367 870 1472 938 preter
1494 870 1624 934 eortam;
1640 865 1768 938 exeeptis

57 953 103 1021 sis,
118 958 152 1009 et
166 953 280 1009 domini
296 952 459 1009 llberbardi
473 952 591 1010 abbatis
606 952 642 1008 da
657 949 753 1008 Salem
778 955 807 1006 at
830 951 884 1007 do·
938 950 1031 1007 iendis
1046 954 1075 1008 et
1088 953 1193 1010 telem
1209 954 1245 1010 de
1266 955 1470 1026 lirampozzen,
1488 954 1538 1026 qui
1564 953 1708 1026 optinebit
1721 953 1767 1026 pi·

58 1040 123 1098 mini
151 1040 270 1098 abbatie
295 1041 373 1098 Petri
398 1041 433 1098 de
457 1041 552 1116 burgo
577 1040 675 1097 Sancti
698 1037 840 1112 sepulcri,
856 1046 885 1097 et
937 1054 1030 1111 gnara
1044 1046 1074 1097 et
1094 1041 1238 1099 benollois
1262 1043 1292 1098 iu
1318 1047 1447 1111 monete,
1463 1043 1628 1100 secuudum
1650 1042 1767 1115 privile·

24 1196 27 1201 1
54 1129 155 1187 tretris
169 1129 282 1188 Odonis
297 1130 333 1186 de
348 1129 457 1197 Salem,
468 1129 659 1203 presentium
681 1128 794 1200 leteris,
807 1128 883 1185 llan-
936 1128 1017 1200 glum
1033 1129 1070 1186 ab
1097 1130 1202 1187 edullo
1225 1131 1447 1206 archiepiscopo
1473 1132 1530 1189 eibi
1555 1131 1708 1189 collatum.
1724 1134 1767 1189 Ita

53 1218 102 1276 rici
124 1217 256 1292 depilari
280 1219 316 1276 de
341 1217 476 1292 walpur,
494 1217 612 1275 Raurici
637 1215 823 1274 mareschalli
847 1217 883 1272 de
937 1219 1016 1290 quod
1033 1220 1331 1293 predictilereditores
1346 1225 1456 1279 certem
1471 1221 1563 1277 debiti
1576 1221 1622 1278 eui
1640 1221 1768 1277 reddent

50 1307 265 1382 bappenheim,
282 1307 417 1364 Hellerioi
434 1307 551 1376 notarii,
570 1323 617 1362 me
628 1306 774 1363 lecturum
789 1308 818 1361 et
830 1305 882 1361 eb·
936 1307 1083 1364 rationem
1099 1324 1198 1365 coram
1214 1309 1267 1380 eis,
1283 1326 1359 1382 quos
1375 1319 1527 1384 magnetes
1551 1314 1628 1366 terre
1651 1309 1688 1365 ad
1709 1309 1765 1365 boe

49 1401 253 1466 perveterum,
269 1398 348 1454 bona
361 1397 419 1454 lide
432 1401 461 1453 et
476 1396 540 1453 siue
553 1394 633 1452 omni
650 1394 763 1465 lraude,
772 1392 881 1465 juravi.
935 1396 1159 1469 constituerint;
1172 1399 1332 1473 persolutis
1343 1416 1411 1456 vero
1423 1398 1530 1456 debitis
1541 1399 1565 1454 ei
1576 1397 1647 1470 quid
1660 1413 1765 1470 snper·

452 1505 490 1560 χ,
935 1483 1075 1556 luerit,ed
1091 1485 1246 1544 consilium
1262 1487 1340 1561 regie
1354 1495 1383 1546 at
1396 1487 1625 1561 prescriptorum
1642 1502 1765 1558 magna·
1863 1502 1868 1527 ¹

180 1592 308 1666 philipp,-
319 1597 437 1666 padum
450 1608 516 1650 cum
537 1591 755 1649 Compmppm,
935 1575 1080 1644 tumsserit.
1096 1574 1169 1632 ltem
1185 1576 1262 1634 cives
1281 1577 1469 1634 colonienses
1493 1577 1629 1633 induciae
1653 1575 1765 1633 habent

367 1684 464 1752 (Anno
480 1681 572 1753 4205.)
896 1661 970 1778 Bde
985 1661 1127 1720 fidelitate
1143 1663 1278 1722 laetanda
1293 1664 1413 1722 domino
1428 1665 1488 1739 regi
1505 1681 1600 1738 usqua
1616 1665 1652 1721 ed
1668 1664 1764 1721 domi·

48 1773 105 1844 {Ex
117 1771 225 1828 eodm
240 1770 340 1827 codiee
354 1770 478 1827 memb„
493 1769 592 1827 muli
607 1785 669 1836 χω,
683 1767 767 1840 cuju,
791 1783 881 1840 ,upra
935 1750 1033 1807 nicam
1050 1752 1197 1809 invocavit
1212 1769 1269 1822 me,
1285 1754 1426 1810 utstatim
1443 1752 1492 1810 illo
1512 1752 1639 1811 termino
1661 1752 1762 1827 elapso

87 1843 273 1900 mentionem
297 1841 431 1899 lecimus.
448 1843 515 1909 Ono
537 1841 635 1897 littere
648 1839 770 1911 oblique
783 1837 880 1911 expri·
934 1839 1042 1896 iaciant
1053 1840 1078 1897 ei
1095 1840 1265 1899 fidelitatem
1278 1846 1428 1915 tamquam
1443 1843 1561 1899 domino
1576 1847 1605 1899 st
1615 1841 1677 1915 regi
1688 1858 1760 1900 suo:

87 1919 225 1999 mistui»
241 1913 271 1969 ¹¹²
286 1913 385 1998 ⁰9⁶5ssss
399 1913 457 1986 ¹⁰85
479 1929 538 1969 ¹¹⁰ss
565 1915 735 1985 P⁰²⁰⁰ri¹¹¹ir
751 1914 840 1994 atque
864 1926 882 1966 ⁸
933 1932 962 1984 et
972 1930 1051 2002 quod
1067 1929 1148 1986 istud
1160 1936 1230 1988 tune
1246 1931 1308 2000 flet,
1320 1932 1448 1988 iuratum
1465 1936 1511 1988 eat
1525 1930 1645 1988 Colonia
1659 1932 1761 1988 eduo-

87 1987 176 2044 ¹¹⁰b¹⁸
192 2000 227 2041 ⁸¹
238 1990 407 2058 ⁰⁰¹¹J⁰⁰²¹¹r⁸
429 1984 616 2058 ⁸⁰¹¹9¹⁰⁰²¹¹¹”'
633 1983 735 2050 ΡΜ·
750 1981 832 2051 'Ml
934 2016 990 2074 bus
1007 2017 1127 2075 milibus
1143 2018 1299 2076 bominum
1314 2024 1344 2076 et
1358 2019 1506 2093 amplius3
1522 2023 1553 2078 et
1575 2037 1612 2076 na
1636 2019 1761 2077 violetur

48 2078 108 2132 Μ
121 2081 165 2132 ‘⁸⁸
177 2073 274 2148 sm
287 2070 768 2202 Ὓξξξξωᾶῧῆᾖῖζθξὴὶηρω
789 2085 881 2141 'mm
933 2105 987 2163 hee
998 2107 1185 2180 composicio,
1196 2108 1266 2165 dete
1276 2108 1334 2165 lida
1344 2108 1479 2182 promisit
1490 2109 1549 2165 dux
1560 2107 1757 2182 lotharingie,

86 2234 149 2292 ileo
163 2235 211 2291 est
223 2233 319 2290 terme
332 2230 558 2304 composicionis
584 2234 694 2288 statute
718 2229 795 2287 inter
812 2228 879 2284 Phi·
933 2199 963 2252 οἵ
974 2195 1127 2296 9999999
1141 2197 1273 2298 Qui*
1291 2197 1362 2298 {²⁰⁰¹
1374 2198 1399 2254 Εἰ
1410 2197 1664 2298 9999999999999
1675 2213 1758 2255 ⁰⁰⁰¹·

48 2321 169 2397 lippum
185 2337 282 2395 regem
297 2322 410 2379 emm
423 2319 621 2377 colonienses·
637 2318 819 2376 universim
838 2317 880 2373 οἱ,
934 2300 1094 2358 postcronrs
1106 2301 1264 2358 quisquam
1275 2285 1545 2342 ervescelenrenses
1555 2302 1677 2359 gravare
1688 2301 1760 2359 pre·

51 2430 135 2470 num
146 2411 365 2471 coloniensium
376 2411 520 2469 benallde
530 2428 581 2485 per
591 2410 703 2467 litterae
713 2414 741 2466 et
756 2408 881 2466 nuncios
934 2377 1075 2441 ”ummt’
1092 2373 1232 2430 d⁰mi¹¹¹¹⁸
1248 2391 1297 2430 '⁶¹
1312 2373 1515 2448 Pri¹¹⁰ip⁸lit⁰f
1529 2373 1610 2446 ip⁸⁰⁸
1625 2378 1761 2430 mmm*

52 2499 444 2575 hbomhppapuddompnum
455 2515 620 2573 papampm
631 2498 752 2555 domino
765 2495 881 2563 Adolfo,
935 2461 1026 2562 upbit,
1040 2468 1068 2518 et
1083 2466 1237 2564 magnetes
1251 2462 1340 2562 etiem
1355 2466 1431 2518 terre
1447 2462 1528 2535 ipsos
1542 2462 1681 2517 omnibus
1696 2477 1761 2517 mo·

55 2597 89 2649 ut
105 2591 172 2665 ip„
187 2592 287 2648 adem
311 2589 516 2648 coloniensem
541 2587 690 2661 optineat,
707 2591 736 2643 οι
759 2585 785 2642 εἰ
809 2600 881 2657 quo,
935 2551 981 2606 dis
992 2551 1150 2622 juvabunt.
1169 2552 1228 2623 lpas
1241 2556 1331 2607 etiem
1345 2550 1505 2623 burgenses
1521 2551 1558 2607 ad
1582 2549 1636 2606 hec
1660 2549 1764 2607 obser·

54 2681 207 2753 quomodo
220 2680 297 2753 apud
314 2678 468 2736 dominum
484 2694 592 2751 papam
616 2676 722 2751 poterit
745 2672 880 2731 obtineri·
934 2639 1033 2739 penda
1045 2639 1231 2710 magnatibus
1246 2644 1324 2696 terre
1338 2639 1490 2696 assistent.
1507 2639 1579 2696 ltem
1594 2639 1762 2696 esaetieues

54 2768 100 2830 n,
115 2785 171 2842 W
184 2768 309 2843 gutiam
323 2766 369 2826 vel
382 2767 604 2842 palmiciam,
615 2766 719 2823 civim
730 2761 882 2821 colonien·
936 2727 1624 2800 1ndebrtesqusslaeereeousueverunttempore
1634 2743 1763 2802 gwerre,

57 2858 231 2932 siegratum
246 2856 365 2914 babebit
383 2872 463 2925 eum,
474 2860 503 2912 et
518 2856 624 2913 serviet
638 2853 704 2912 eiin
716 2853 824 2927 quibus
835 2853 883 2908 de·
936 2817 972 2872 ‘¹⁰
987 2820 1084 2873 ⁰⁰t⁶f⁰
1098 2833 1158 2873 ¹¹⁰⁰
1173 2816 1316 2889 “cipum
1327 2835 1334 2886 ;
1347 2819 1377 2875 οι
1391 2833 1441 2888 ⁹⁰⁹
1452 2816 1529 2874 hm
1543 2817 1667 2874 mam
1682 2833 1762 2875 ⁰⁰m'

469 2943 704 3018 ivemidapud
726 2941 881 3000 dominum
937 2903 1097 2977 posicienie
1121 2904 1152 2959 in
1176 2903 1337 2962 continenti
1360 2905 1391 2961 in
1419 2908 1516 2978 gratia
1544 2905 1657 2963 domini
1685 2905 1762 2980 regie

58 2948 119 3015 bet,
134 2951 279 3018 tanquam
303 2945 433 3003 domino.
448 2948 467 3001 S
1159 2992 1165 3006 .
1455 2994 1461 3007 .
1671 2994 1677 3008 .

54 3051 161 3110 mm
178 3035 261 3092 nuno
277 3035 365 3092 modo
376 3033 501 3091 obtineri
512 3034 632 3108 poterit,
643 3033 721 3089 eim
731 3032 767 3089 ab
781 3032 882 3088 micis
937 2997 1034 3094 erunt,
1050 2996 1079 3050 et
1093 2993 1183 3050 salvis
1198 2994 1287 3050 rebus
1301 2999 1331 3052 et
1344 3009 1479 3068 personis
1493 3010 1545 3068 per
1558 2998 1654 3052 totum
1669 3011 1761 3069 impe·

55 3125 117 3184 eois
125 3129 157 3183 et
164 3122 300 3198 negnetie
311 3123 362 3197 qui
372 3122 442 3180 boio
452 3121 663 3196 composicioni
674 3121 882 3192 iuterfuerunt,
896 3065 919 3137 c
938 3098 1026 3155 ‘mm’
1045 3098 1234 3157 q¹¹⁰⁰¹¹mq¹¹⁰
1248 3082 1406 3156 Wlfflint’
1421 3083 1518 3141 ibunt·

55 3212 202 3281 videlieet,
217 3214 293 3269 duee
317 3210 517 3284 Letharingie,
542 3209 647 3268 comite
667 3208 816 3280 Gelrense,
832 3224 882 3264 co·
1327 3172 1364 3230 XI

60 3302 127 3359 mite
141 3300 318 3368 luliaceuee,
331 3300 438 3358 comite
448 3304 483 3356 de
496 3299 603 3367 llonte,
616 3297 723 3355 comite
737 3298 773 3354 de
780 3300 885 3354 Hosta-
1034 3251 1161 3327 Philippi
1174 3256 1350 3416 “amnt’‘
1366 3254 1473 3416 ἓξὲξ
1492 3255 1531 3310 “d
1547 3271 1663 3329 papam·

63 3386 887 3552 tersitlittle:littuetee
1074 3429 1580 3574 .....,1,.„,.3,qq.,..

68 3585 118 3626 nos
139 3583 195 3626 τοι
218 3566 430 3642 principaliter,
452 3571 482 3623 at
505 3566 566 3622 dux
595 3563 793 3637 lotharingie,
817 3578 886 3619 curu
1323 3591 1386 3647 XII·

10 3722 12 3743 Ι
69 3655 236 3730 prescriptis
252 3655 441 3730 magnetibus
457 3661 542 3725 terra,
558 3671 610 3727 pro
626 3650 887 3726 episcopabebere
942 3671 1350 3743 pmmmmmmmmqpo
1363 3673 1472 3744 sado,
1494 3671 1594 3728 compe
1616 3672 1767 3732 mm,
1858 3656 1867 3663 ’

10 3754 12 3807 i
68 3745 221 3814 voluerint,
237 3743 340 3803 civius
355 3743 454 3818 ipsum
470 3760 521 3817 pro
536 3743 673 3817 episcopo
691 3739 822 3812 habebit,
837 3757 887 3798 ex·
1089 3744 1154 3800 dine
1169 3744 1282 3802 domino
1293 3760 1375 3817 popae
1390 3742 1550 3801 lnecceute'c
1565 3746 1619 3802 ΙΙΙ.

9 3812 13 3907 i
70 3840 148 3907 cepto
163 3834 287 3891 domino
300 3832 413 3890 Adello.
425 3838 492 3890 Item
502 3831 641 3889 domiuus
652 3849 701 3888 rex
711 3829 889 3901 omniejure
1251 3832 1349 3905 (Anno
1365 3833 1458 3906 luet.)

9 3984 12 3989 ,
69 3928 92 3978 et
103 3923 337 3981 consuetudines
352 3939 369 3978 a
384 3927 467 3995 putre
482 3920 526 3978 vel
541 3923 658 3978 alretre
669 3937 722 3977 suo
733 3919 889 3992 imperato·
1103 3921 1280 3992 [liquerunt.
1299 3923 1393 3994 Antip.
1410 3922 1476 3979 ital.
1494 3923 1516 3992 1,
1531 3923 1606 3992 6131.

71 4011 145 4069 ribus
168 4011 295 4081 aequetis
310 4009 354 4066 vel
378 4010 415 4066 ab
436 4009 527 4066 altero
542 4025 643 4066 eorum
669 4024 720 4082 par
741 4006 890 4081 privilegia
979 4008 1011 4064 ln
1028 4008 1147 4065 nomine
1163 4007 1292 4079 Domini,
1305 4024 1382 4065 anno
1398 4009 1613 4066 lucarnetiouis
1635 4010 1768 4081 ejusdam

70 4099 136 4172 ipsis
151 4116 322 4167 concessae,
338 4098 487 4156 autentioo
503 4097 646 4171 privilegii
670 4098 716 4154 sui
732 4100 759 4154 ei
782 4099 888 4153 ceollr·
946 4097 1027 4171 l20'l‚
1038 4098 1428 4171 pontificatusverodomini
1439 4098 1599 4154 Innocentii
1616 4101 1665 4166 ΙΙΙ,
1677 4114 1770 4170 papa,

72 4190 167 4257 ruebit,
183 4192 214 4246 et
227 4187 436 4246 invielabiliter
457 4186 633 4243 observabit.
651 4189 724 4242 Item
749 4184 888 4258 quiequid
945 4203 1022 4243 anuo
1038 4204 1067 4258 x,
1083 4185 1242 4243 indictione
1256 4203 1284 4254 x,
1301 4201 1403 4243 meuse
1416 4185 1486 4241 Julii
1502 4187 1549 4242 die
1564 4185 1677 4242 ultimo.
1892 4174 1894 4179 ¹

16 4280 19 4285 '
71 4278 142 4336 eires
156 4277 345 4336 colonienses
358 4277 404 4334 vel
418 4276 450 4334 in
465 4277 526 4335 sale
540 4273 585 4332 vel
604 4274 635 4329 in
650 4274 717 4330 vino
741 4290 792 4330 seu
817 4290 890 4346 qua·
981 4276 1053 4331 Acta
1067 4274 1224 4348 publiceei
1237 4273 1403 4332 litterarum
1419 4275 1568 4331 memoria
1584 4274 1692 4332 tradita
1710 4277 1773 4334 lue·

72 4382 194 4440 eumque
206 4366 264 4423 elis
274 4381 378 4438 repar
388 4365 549 4423 indebitam
561 4363 742 4421 exactionem
752 4362 889 4437 cuiquam
947 4359 1016 4433 rint,
1033 4363 1111 4419 nube
1126 4363 1281 4420 oblivionis
1298 4368 1424 4431 remota,
1440 4379 1578 4436 prospere
1593 4363 1775 4437 inspectione

9 4472 13 4499 ι
71 4452 163 4511 taram
179 4452 318 4520 intulere,
333 4455 369 4510 da
384 4453 488 4527 seipsi
509 4454 545 4510 de
559 4457 653 4511 cetere
675 4452 786 4525 absque
810 4452 890 4509 omni
906 4437 930 4503 D
946 4452 1119 4509 clarescent.
1131 4454 1312 4526 Quapropter
1321 4469 1375 4526 ego
1386 4451 1517 4509 Josnnes
1531 4453 1568 4509 de
1579 4455 1686 4510 Sancto
1699 4454 1774 4511 Lau·

69 4543 141 4614 ioris
166 4542 300 4600 vindicta
319 4542 408 4599 libari
429 4546 458 4599 et
481 4541 609 4599 absoluti
631 4542 846 4610 remanebunt3
865 4547 893 4598 et
948 4542 1041 4598 rentio
1056 4547 1166 4598 sancte
1184 4541 1321 4598 Romane
1340 4541 1475 4598 uestesia
1499 4541 1672 4611 scrinarius,
1688 4559 1774 4599 men·

72 4631 210 4706 quicquid
219 4631 309 4689 etiam
318 4631 473 4689 occasione
483 4646 598 4704 gwerre
610 4629 684 4702 ipsis
692 4629 894 4686 civibuedem·
948 4633 1016 4688 dato
1027 4636 1057 4687 et
1067 4636 1213 4704 precepto
1223 4630 1334 4687 demini
1348 4631 1511 4687 iunocentii
1523 4632 1560 4687 lll
1571 4647 1663 4704 papa,
1669 4631 1774 4704 ligium

72 4722 117 4794 pni
133 4722 253 4778 illatum
268 4724 323 4789 eet,
339 4720 404 4777 sine
418 4721 499 4776 omni
514 4717 633 4792 querela
650 4718 778 4774 inultum
800 4735 895 4775 rema·
949 4720 1120 4794 homagium
1137 4737 1216 4777 nuno
1240 4720 1349 4777 lectum
1374 4718 1467 4777 eidam
1493 4720 1614 4777 domino
1639 4737 1721 4793 pape
1743 4721 1774 4776 iu

73 4811 162 4869 nebit.
173 4813 248 4867 ltem
263 4811 300 4866 de
309 4808 459 4866 voluntate
474 4807 608 4881 etgretie
618 4806 730 4865 demini
741 4807 819 4879 ragis
829 4807 895 4879 erit,
951 4809 1058 4883 palatio
1073 4808 1179 4866 Montis
1192 4809 1344 4867 Flaeeonie
1354 4826 1370 4866 e
1381 4808 1488 4866 comite
1496 4808 1692 4879 ildebrandino,
1699 4808 1776 4864 siout

72 4914 265 4973 quaeeunque
276 4897 462 4955 municiones
475 4895 648 4969 depropriis
667 4896 755 4952 rebus
765 4900 793 4952 et
803 4896 897 4952 muris
951 4898 1021 4967 vidi,
1037 4899 1135 4956 audivi
1150 4904 1179 4955 et
1193 4899 1326 4966 interlui,
1341 4903 1370 4955 et
1386 4896 1558 4954 fidelitatem
1573 4897 1642 4954 olim
1662 4895 1776 4952 exhibi-

10 5010 14 5019 ’
74 4989 137 5046 suis
163 4988 394 5045 construxerint.
417 4988 490 5043 ltem
515 4983 612 5042 elerici
636 4985 816 5058 quicumque
839 4984 898 5041 sive
953 4997 1013 5045 lam
1028 4987 1121 5044 eidem
1138 4987 1257 5043 domino
1273 5004 1355 5060 pape
1373 5003 1390 5042 a
1405 4987 1545 5059 praedicto
1567 4985 1684 5053 comite,
1700 4983 1779 5040 sieut

71 5076 137 5136 laici
152 5077 242 5150 quiin
258 5078 313 5134 heo
329 5077 423 5134 torma
442 5074 668 5149 composicionis
686 5090 838 5131 remouere
852 5091 899 5131 vn·
955 5076 1077 5134 interius
1088 5075 1401 5148 continetur,publieis
1412 5074 1656 5131 litterisscribere
1667 5073 1778 5129 curavi.

72 5165 194 5235 ineunt,
210 5163 284 5224 salvi
296 5165 357 5223 eint
370 5168 430 5221 um
445 5164 476 5220 in
492 5164 582 5220 rebus
596 5179 684 5235 quem
699 5163 729 5219 iu
754 5163 899 5235 personis.
954 5168 1057 5223 Comae
1070 5163 1297 5221 lldabraudinue
1310 5164 1464 5220 cooleseus
1476 5162 1571 5218 luitis
1584 5160 1693 5234 palatio
1703 5166 1776 5218 blun-

72 5257 125 5326 Qui
146 5272 216 5314 vero
240 5271 304 5312 eam
329 5253 541 5320 recusaverint,
556 5268 609 5325 pro
632 5250 760 5307 inimicis
784 5251 902 5324 imperii
954 5254 994 5309 tis
1007 5252 1158 5309 l'lasoonie
1173 5268 1271 5310 coram
1286 5252 1456 5324 prescripto
1471 5250 1592 5307 domino
1607 5266 1694 5323 pape,
1710 5266 1782 5325 pre·

71 5344 248 5414 habeantur,
260 5359 313 5400 nee
327 5342 429 5415 ethue
442 5342 485 5399 eie
498 5341 530 5398 in
545 5341 662 5398 civitate
673 5339 822 5397 habitacio
837 5355 902 5397 con·
957 5341 1093 5399 sentibus
1103 5341 1261 5414 episcopis,
1273 5338 1483 5406 cardinalibus,
1496 5339 1631 5411 praelecto
1645 5339 1744 5409 Urbis,
1754 5344 1784 5397 et

72 5435 207 5503 matur,
225 5449 280 5491 neo
290 5432 380 5490 etiem
394 5431 526 5503 aliquem
536 5428 582 5487 vel
593 5429 623 5486 in
634 5429 724 5486 rebus
738 5429 781 5485 vel
794 5428 824 5484 in
837 5443 902 5502 per·
958 5430 1060 5487 multis
1072 5430 1188 5487 clericis
1199 5435 1228 5487 et
1239 5429 1495 5501 laicis,sejuraese
1505 5427 1676 5486 fidelitatem
1687 5430 1783 5487 eidem

73 5525 158 5585 nub
166 5538 272 5599 paoem
282 5522 391 5580 bebere
400 5517 598 5578 debentltem
607 5516 787 5591 quicumque
796 5515 904 5574 haben·
958 5518 1078 5578 domino
1094 5537 1187 5594 pepe,
1203 5518 1424 5577 suecessoribus
1438 5517 1502 5574 suis
1516 5520 1546 5574 et
1568 5517 1700 5578 Ecclesia
1726 5519 1785 5576 ao·

240 5643 372 5704 Person
393 5637 534 5702 ccxvii.
1584 5637 1624 5698 10
