3804 5992
156 268 225 328 1051
646 270 855 328 innocuum
873 269 914 326 111
931 271 1035 326 PAPB
1051 269 1237 328 aramum
1256 264 1379 325 nuum.
1809 254 1869 313 ltdt

150 394 469 470 uemspeoialitaregit,
481 395 659 453 adulterium
670 395 806 451 videlieet
815 399 844 450 ot
855 393 977 451 homini·
991 400 1019 467 p,
1033 392 1395 468 nitemtialaspraeoipuua,
1406 395 1435 449 et
1444 390 1474 447 in
1485 388 1582 447 medin
1595 385 1783 450 collocatus,
1795 384 1866 456 qoin-

152 485 244 554 dium,
261 502 325 558 qua
340 486 500 543 commisit.
510 484 979 557 Vieanariiveroquinqueaggre·
1032 485 1237 558 quagesimum
1251 485 1349 540 looum
1364 482 1476 538 obtinet
1491 475 1715 552 interpeslmos
1729 473 1867 547 :quiaper

152 575 446 649 galirassunlpartes.
461 575 564 632 Unitas
575 576 681 648 qumod
694 574 832 647 primum,
850 579 977 630 etunum
1033 573 1262 647 poenitentialem
1278 571 1487 636 humilitatem,
1497 570 1556 627 sira
1565 566 1720 626 humilem
1734 562 1866 639 preniten-

153 664 280 720 raiertur
294 663 329 720 ad
346 663 491 737 originale
505 670 669 739 peecatum.
685 663 881 737 Binariusqui
893 664 980 720 reler·
1032 661 1116 734 tiam,
1130 662 1166 719 de
1176 678 1234 735 qua
1246 661 1379 736 psalmus
1389 660 1444 717 iate
1454 656 1661 733 prinoipaliter
1671 654 1868 729 agit,etoonr·

151 756 202 811 tur
216 754 251 809 ad
267 754 342 809 duas
357 754 469 827 speeies
483 753 643 810 aetualium
655 761 853 827 pennatorum,
870 769 933 824 quaa
949 752 979 809 in
1033 754 1127 812 missa
1155 753 1347 811 remittuntur
1370 755 1500 825 peceato,
1514 754 1542 806 et
1567 749 1648 806 bona
1671 745 1867 803 restituuntor

151 840 268 901 veniala
282 847 310 898 et
325 841 500 899 oriminialia
522 842 736 915 distinguntur.
757 841 979 914 Quaternarius,
1034 843 1155 901 amissa.
1171 844 1302 900 Paruum
1320 839 1567 914 quinquagesimo
1588 835 1756 911 dialogum
1777 834 1869 909 Sarip-

153 930 204 1004 qui
216 932 341 988 refertur
354 932 390 988 ad
407 936 533 1003 quatuor
543 933 646 988 ruodos
658 930 850 1003 peccandi,ox
860 930 980 1005 {tragili-
1033 938 1105 991 turm
1119 933 1201 990 dedit
1223 931 1334 989 iudaeis
1350 931 1449 1000 (deod.
1477 931 1538 1002 xx),
1564 932 1594 985 et
1615 924 1869 1000 quinquagesimo

152 1025 213 1081 tale
226 1022 270 1078 vel
286 1023 457 1095 impotentia
472 1021 660 1095 simplicitate
674 1022 717 1079 uel
733 1022 909 1095 ignorantia,
934 1037 980 1078 se·
1034 1023 1083 1080 die
1101 1022 1195 1096 legem
1212 1021 1312 1094 gratim
1327 1020 1408 1077 dedit
1417 1016 1557 1091 apostolis
1567 1018 1636 1090 (Aet.
1657 1016 1709 1088 rr),
1725 1031 1787 1072 non
1802 1013 1870 1071 sient

154 1110 327 1168 auritateral
339 1111 527 1184 negligentia,
539 1116 568 1167 et
579 1110 980 1184 malignitatevelinvidentia
1032 1110 1112 1169 illam
1127 1114 1156 1168 in
1171 1111 1294 1184 lapideis
1309 1109 1419 1166 tabulis
1433 1107 1586 1181 scriptam,
1601 1105 1654 1163 sed
1685 1104 1720 1161 in
1737 1103 1870 1161 humanit

153 1201 400 1275 [ul.dill'ereutia].
417 1202 588 1270 Quiuarius,
605 1202 656 1275 qui
680 1202 805 1258 refertur
830 1202 864 1257 ud
891 1202 980 1274 quin·
1033 1195 1171 1253 eordibua
1186 1194 1395 1267 digitoDeillI
1417 1193 1479 1248 Cor.
1507 1190 1560 1263 ιιι).
1588 1187 1871 1262 Quinquagsnariua

155 1307 211 1366 que
226 1291 356 1363 eorporis
371 1308 489 1361 sensus,
500 1308 553 1365 per
564 1308 639 1366 quos
651 1296 797 1365 peooatur,
808 1292 917 1359 visum,
929 1307 981 1347 au·
1034 1290 1132 1343 autom
1147 1285 1323 1342 redditurex
1337 1279 1561 1358 quadragenarii
1578 1277 1721 1351 partibus
1733 1293 1871 1353 aggrega-

154 1379 262 1447 ditum,
285 1381 453 1451 odoratum,
483 1387 604 1455 gustum
631 1387 660 1438 et
683 1386 804 1438 laetum.
825 1380 981 1448 Deuariue,
1034 1376 1094 1447 tle3
1110 1375 1241 1450 quiaper
1256 1371 1486 1448 penitentialem
1502 1369 1762 1438 satisfactionem,
1788 1385 1869 1442 quan

155 1470 205 1544 qui
222 1470 347 1527 retertur
371 1471 408 1528 ad
433 1471 533 1528 deoem
558 1470 808 1545 transgressiones
836 1469 981 1543 Deoalogi,
1035 1466 1172 1538 designat
1184 1461 1448 1538 quadragenarius,
1464 1460 1514 1533 qui
1526 1458 1753 1517 satisfactionis
1762 1464 1809 1516 est
1823 1476 1868 1516 nu·

156 1558 439 1632 quaehorno,slout
459 1560 632 1634 predictum
649 1564 704 1626 est,
724 1559 871 1632 peooando
899 1574 981 1615 oom-
1036 1571 1136 1612 ruerus
1153 1552 1301 1627 specialis,
1318 1548 1557 1622 Spiritueaanoti
1586 1548 1691 1618 gratia
1720 1554 1869 1622 operante,

154 1648 257 1707 mittit.
1036 1642 1124 1717 plena
1162 1641 1324 1714 percipitur
1364 1638 1549 1712 indulgentia
1571 1642 1766 1710 pecatorum.
1798 1638 1868 1696 Unde

190 1737 264 1805 Quia
278 1755 344 1796 vero
354 1738 487 1810 jubileus
504 1738 941 1813 quinquagesimuserataonus
952 1737 981 1793 ln
999 1779 1023 1846 B
1039 1732 1171 1804 psalmus
1188 1730 1242 1788 ista
1256 1746 1314 1804 pre
1330 1730 1443 1786 ueteris
1457 1728 1488 1785 in
1503 1727 1634 1786 Euolasia
1651 1727 1866 1799 frequentatur,

156 1826 984 1902 legeldeuit.xxv),inquoremittebanturdebilaetre·
1038 1839 1090 1897 per
1104 1821 1339 1894 oujusvirtutem
1361 1819 1481 1894 plurimi
1497 1819 1532 1875 ad
1561 1817 1779 1891 peonitentiam
1806 1834 1865 1876 oon·

155 1917 338 1974 rooabantur
353 1917 505 1988 distraola,
522 1918 598 1975 hene
612 1916 744 1992 psalmus
760 1917 817 1975 iste
832 1917 908 1974 inter
926 1933 985 1989 poe-
1038 1915 1205 1969 vertuntur.

285 2237 404 2301 Psalmi
415 2240 521 2322 quarti
528 2238 752 2323 poenitentialia,
770 2237 825 2323 qui
838 2247 879 2302 ert
895 2239 925 2302 in
940 2235 1047 2299 ordine
1060 2232 1254 2298 Pralmorum
1271 2232 1543 2316 qur'npuupeaimue,
1558 2233 1739 2296 nmrrotr'o.

192 2576 395 2648 direreremei,
411 2578 658 2647 munerandum
672 2594 806 2649 mopnunr
827 2577 982 2635 miseriror-
1035 2574 1094 2632 Nee
1120 2571 1211 2632 semel
1236 2574 1363 2641 tantum,
1380 2572 1432 2630 ead
1448 2586 1526 2644 eope
1540 2571 1713 2646 peooavi,et
1729 2573 1862 2632 idaeam·

155 2664 232 2723 Mam
243 2670 331 2723 tuom.
1035 2664 1114 2738 plius
1128 2663 1192 2720 lava
1208 2677 1265 2720 me.
1277 2666 1335 2719 Neo
1350 2662 1535 2719 uniformiter
1549 2665 1681 2735 lantum,
1697 2664 1754 2721 sed
1772 2665 1862 2721 urnlti·

192 2755 336 2813 liividitur
351 2761 448 2814 aulem
464 2757 598 2831 psalmus
613 2756 669 2815 iste
684 2758 713 2814 iu
730 2757 979 2832 quinqueparlee‚
1035 2753 1176 2820 formiter,
1193 2756 1222 2810 at
1235 2751 1300 2809 ideo
1317 2750 1427 2808 munda
1440 2768 1498 2820 ma,
1520 2767 1578 2808 non
1602 2750 1706 2809 solum
1733 2754 1775 2811 ab
1797 2754 1862 2828 inju-

154 2860 219 2919 quo
234 2845 376 2903 suisloois
387 2847 758 2921 congruedistinguuotur.
768 2848 799 2904 ln
816 2847 912 2921 prima
927 2846 979 2920 igi·
1033 2843 1200 2916 stitia,quas
1209 2841 1345 2899 consistit
1355 2844 1384 2897 in
1394 2841 1614 2912 committendo,
1627 2859 1739 2901 verum
1759 2845 1864 2902 etiamr

151 2936 202 2991 tur
216 2938 297 3007 parta
314 2935 458 3008 poeuiteus
469 2937 618 3009 propriam
632 2935 748 3009 eulpam
764 2940 931 3010 exaggerat,
951 2940 980 2993 el
1034 2932 1152 3000 delioto,
1167 2932 1245 3005 quod
1260 2931 1291 2988 in
1307 2931 1470 2988 omittendo
1485 2931 1629 2991 consistit.
1653 2931 1753 2990 Dauid
1778 2941 1864 2992 autern

153 3023 384 3081 miserirordiam
401 3024 531 3083 divinam
548 3026 695 3100 implorat,
711 3043 800 3098 quam
825 3027 898 3100 petit
922 3025 978 3083 sibi
1033 3039 1091 3079 uon
1107 3021 1203 3079 solum
1220 3021 1399 3078 adulterium
1414 3026 1444 3078 et
1458 3020 1654 3078 hominidium
1678 3029 1863 3097 perpetrarit,

152 3112 308 3184 triplioiter
322 3114 462 3185 exhiberi,
484 3118 517 3171 ut
531 3114 665 3172 uidelicet
688 3115 821 3173 delentur
832 3115 979 3188 iniquitas
1032 3113 1233 3170 verumetiam
1246 3116 1275 3168 et
1289 3111 1390 3169 dolum
1402 3115 1431 3168 et
1441 3116 1646 3186 contemptum
1662 3114 1791 3186 adjeoit,
1802 3132 1864 3189 quo·

151 3201 260 3273 sordis,
275 3202 354 3258 unde
369 3218 376 3259 :
390 3202 453 3259 liele
467 3202 643 3277 iniquitatem
655 3220 763 3273 meom;
779 3204 932 3261 utlavelur
941 3205 978 3260 ab
1032 3202 1112 3260 niam
1124 3207 1153 3258 et
1169 3201 1331 3275 peripsum
1349 3200 1458 3269 Uriam,
1479 3202 1565 3273 nujus
1585 3218 1710 3260 uxorem
1724 3220 1863 3280 oognore·

152 3291 302 3364 injustitia
317 3291 388 3363 orie,
404 3292 500 3350 unde:
518 3295 590 3350 douo
604 3309 649 3349 me
675 3295 709 3350 ob
733 3293 872 3366 injustitia
895 3309 975 3362 meo;
1033 3296 1080 3349 rat
1094 3292 1130 3364 (ll
1142 3293 1204 3364 ltep.
1222 3291 1265 3363 ιι),
1280 3289 1409 3347 litteram
1423 3291 1529 3348 mortis
1543 3291 1608 3364 ejus
1625 3292 1752 3364 direxit,
1768 3303 1798 3351 et
1816 3312 1862 3352 sur

151 3386 181 3440 et
203 3383 547 3457 otmundeturaenlpa
570 3384 678 3457 operis,
703 3384 781 3441 unde
808 3385 837 3439 :A
865 3392 976 3456 precato
1031 3381 1209 3454 contempsit
1223 3381 1357 3438 eonfiteri
1383 3385 1512 3454 peooata,
1542 3382 1636 3438 donee
1665 3399 1723 3455 par
1753 3384 1862 3442 Nathan

151 3485 211 3530 meo
225 3472 329 3528 mundo
344 3489 398 3531 me.
413 3472 488 3548 lirgo
499 3475 629 3531 mirerere
643 3472 709 3547 mei,
720 3474 800 3542 Deua,
814 3473 882 3546 quia
893 3479 977 3546 potas
1031 3471 1202 3545 prophetam
1218 3470 1524 3543 exstititredargutus.
1532 3474 1656 3543 Propter
1665 3471 1734 3530 irase
1744 3482 1864 3543 quatuor

151 3560 285 3618 misereri
300 3567 329 3618 et
340 3562 432 3620 habea
447 3563 525 3620 unde
540 3562 718 3621 miserearis.
1030 3559 1293 3634 dietinolupeooata
1311 3558 1688 3633 distinotequotuormodis
1701 3568 1785 3621 orat.
1795 3563 1860 3621 Nam

186 3649 316 3707 Misereri
333 3651 358 3708 si
380 3651 500 3724 quidem
517 3657 610 3725 polee,
625 3668 693 3710 oum
718 3652 758 3709 slt
776 3651 977 3709 miserioordin
1030 3655 1149 3722 propter
1159 3648 1295 3707 adulterii
1306 3649 1429 3717 arimen,
1442 3649 1483 3705 ait
1495 3666 1502 3707 :
1514 3649 1722 3722 lilsereremei,
1734 3653 1862 3721 Demu-

149 3742 202 3796 tua
217 3755 333 3813 magna,
362 3741 460 3798 unde:
476 3741 601 3798 Miserere
628 3743 693 3810 mei,
724 3742 792 3798 Deru
825 3740 976 3797 seeundum
1029 3739 1151 3794 eundum
1173 3754 1303 3811 mopnum
1326 3738 1552 3796 mirericordiam
1571 3747 1673 3804 rueme
1702 3741 1779 3815 quia
1802 3759 1861 3800 ma·

150 3842 285 3903 magnum
299 3827 529 3886 mirericordiam
544 3834 630 3886 tuom.
643 3830 675 3886 'ut
691 3829 781 3887 habes
796 3830 875 3886 uude
886 3830 976 3886 mise·
1029 3842 1119 3899 gnum
1136 3833 1182 3884 ost
1197 3827 1334 3885 adulterii
1345 3826 1502 3901 flagitium,
1519 3828 1597 3901 quod
1611 3844 1668 3898 ego
1683 3845 1725 3887 ex
1747 3831 1861 3889 minaria

152 3917 256 3990 rearis,
272 3933 340 3974 oum
356 3924 413 3975 tua
444 3918 647 3975 miserationes
674 3918 732 3975 siut
763 3917 861 3974 multra
889 3918 974 3988 (Prot.
1029 3915 1197 3990 fragilitatis
1214 3917 1509 3975 numaneoommiei.
1528 3918 1563 3975 ltt
1591 3927 1717 3992 propter
1742 3921 1861 3980 homini·

151 4015 241 4079 curu),
258 4007 356 4066 unde:
373 4006 531 4065 Secundum
546 4007 752 4064 multitudinem
766 4008 976 4064 miserationum
1029 4005 1070 4062 dii
1085 4006 1195 4064 crimen
1211 4006 1312 4064 addit:
1329 4009 1362 4064 dt
1379 4006 1530 4065 araneam
1544 4006 1763 4068 multitudinem
1788 4014 1860 4068 urire

150 4104 263 4154 tuorum
277 4096 336 4154 dele
349 4096 528 4171 iniquitatem
543 4113 645 4154 meum.
664 4096 756 4154 Debes
774 4097 862 4154 etiam
885 4096 975 4154 miae·
1028 4096 1168 4154 rationum
1180 4099 1294 4154 tuorum
1310 4096 1371 4154 dete
1390 4097 1568 4171 iniquitatem
1588 4113 1707 4169 meum
1731 4101 1803 4174 quia
1817 4117 1861 4175 par
1898 4170 1901 4175 .

151 4186 221 4252 reri,
237 4187 378 4259 quoniam
394 4203 448 4260 ego
479 4193 631 4260 peceatum
661 4202 760 4243 meum
790 4187 975 4260 agnoscendo
1028 4186 1271 4249 meunrininuum
1282 4186 1857 4261 mandatumnonsolumllrias,reruru

149 4276 300 4345 oonllteor,
320 4281 349 4333 et
364 4276 568 4350 impugnando
579 4277 718 4346 detestor,
730 4277 807 4333 unde
818 4292 824 4332 :
836 4275 974 4350 iniquita·
1028 4281 1057 4334 et
1072 4276 1158 4333 multi
1175 4276 1223 4333 alii
1239 4279 1376 4349 nequiter
1390 4282 1462 4334 sunt
1476 4276 1576 4335 oroiei.
1590 4276 1725 4348 Rursus,
1747 4285 1859 4355 propter

148 4369 204 4422 tem
227 4381 317 4422 meum
343 4381 391 4437 epo
412 4382 543 4438 eoqnoeeo
562 4371 588 4423 et
610 4374 750 4439 macutum
768 4382 860 4423 meum
881 4382 974 4422 eoram
1028 4366 1140 4422 eriman
1157 4365 1332 4439 proditionis
1347 4370 1377 4424 at
1391 4365 1451 4424 doli
1467 4365 1645 4440 subjungite
1660 4370 1857 4442 ampliaretur·

149 4462 375 4527 meertnmper.
391 4455 426 4510 ltt
447 4455 506 4512 soie
527 4456 613 4529 cujus
642 4455 819 4523 miserearis,
849 4454 917 4528 quia
946 4460 974 4511 te
1027 4456 1118 4512 meat
1130 4455 1273 4527 iniustitia
1287 4471 1359 4525 meo,
1371 4456 1513 4530 quoniam
1535 4455 1722 4529 injustitiam
1746 4457 1857 4519 exorrui

152 4548 298 4616 praesente
317 4544 427 4617 pariter
441 4549 471 4600 et
493 4544 610 4601 uidente
634 4545 769 4618 peooaui3
795 4544 891 4615 unde;
916 4546 975 4602 Tibi
1027 4544 1211 4617 ampliorem,
1227 4544 1298 4602 dum
1316 4561 1368 4619 per
1383 4545 1478 4603 virum
1490 4545 1680 4604 innoeentem
1695 4550 1858 4622 etjustum,

145 4634 269 4706 pereooi,
295 4638 322 4690 et
336 4635 440 4690 molum
452 4650 547 4690 eornm
563 4643 588 4692 te
601 4635 664 4705 [eei.
687 4634 760 4701 Quia
779 4650 847 4707 ergo
871 4635 973 4706 justus
1026 4633 1139 4694 litteras
1154 4651 1213 4690 aua
1229 4635 1332 4692 mortis
1348 4634 1448 4693 dolosa
1462 4651 1497 4692 ao
1512 4635 1674 4708 proditiose
1691 4640 1856 4698 transmisi.

146 4720 178 4779 in
194 4722 338 4796 prinoipio
354 4723 499 4780 sermonis
514 4730 666 4780 acousator
681 4729 726 4780 eet
744 4723 802 4795 eui,
829 4724 973 4796 poenitens
988 4715 1011 4781 D
1026 4724 1060 4784 lli
1070 4724 1325 4798 propteroarimen
1341 4724 1527 4799 negligentia
1540 4741 1573 4782 ao
1587 4731 1788 4803 oontomptua
1799 4746 1860 4789 eoo·

146 4810 203 4869 iate
215 4811 371 4884 justilloari
383 4812 566 4883 desiderans,
586 4816 741 4886 exaggerat
768 4812 798 4869 in
826 4813 971 4887 principio
1026 4813 1336 4872 eludittdtodeleeto
1363 4830 1422 4871 meo
1449 4813 1555 4870 mundo
1576 4829 1642 4872 me:
1671 4817 1751 4889 quia
1778 4819 1857 4877 vulda

145 4900 250 4975 eulpae
266 4919 347 4971 suaa,
370 4902 617 4974 ostenderequod
632 4917 685 4958 sua
700 4907 899 4975 peoontaeunt
910 4920 970 4960 ma·
1025 4902 1148 4975 deliqui,
1165 4902 1235 4959 dum
1253 4908 1372 4975 peccata
1394 4919 1459 4960 mea
1474 4903 1607 4961 oonllteri
1623 4903 1735 4964 distuli
1759 4914 1791 4967 et
1813 4910 1860 4967 de-

144 5005 213 5065 gna,
228 4996 299 5047 sunt
314 4992 419 5059 multa,
435 4997 505 5048 sunt
520 4990 618 5059 fetida,
628 4996 699 5048 sunt
713 4992 823 5048 etlmda
839 5007 912 5048 :neo
925 5007 970 5048 aa·
1025 4993 1117 5064 speri.
1136 4992 1198 5052 Non
1213 4991 1273 5050 ait:
1291 4992 1427 5050 Miserere
1441 4993 1544 5062 David,
1569 4994 1621 5050 aad
1636 4994 1775 5055 limare
1797 5003 1860 5057 mei.

144 5079 204 5137 mel
219 5085 348 5148 tuntum,
364 5082 414 5138 sed
430 5097 517 5153 sape,
534 5097 587 5137 neo
598 5080 783 5138 uniformiter
793 5083 857 5154 ipse
867 5098 969 5155 peooa·
1023 5081 1064 5139 do
1078 5082 1103 5138 si
1121 5082 1230 5138 dioeret
1244 5082 1451 5140 manifestius:
1467 5081 1542 5140 Alibi
1568 5098 1676 5140 nomen
1705 5088 1860 5162 proprium

142 5169 195 5226 rit.
226 5170 316 5235 Quasi
346 5170 474 5227 diooret:
501 5170 606 5244 Magna
627 5176 708 5240 sunt,
739 5171 828 5242 Deus,
853 5175 970 5242 pennata
1024 5170 1186 5243 exprimere
1200 5172 1349 5244 consuevi,
1373 5189 1441 5229 oum
1470 5188 1517 5231 ma
1546 5172 1673 5246 gratiam
1704 5179 1862 5237 omdehan

144 5274 220 5329 mea,
236 5260 346 5318 atideo
375 5259 573 5318 misereremei
597 5260 747 5319 urcundum
765 5276 896 5330 mopnum
918 5259 970 5315 mi·
1024 5258 1143 5332 habere,
1178 5260 1324 5320 dioendo:
1360 5262 1502 5332 dumento,
1547 5262 1674 5335 Domine,
1718 5266 1863 5327 Deridet

142 5349 327 5407 teneordiorn
369 5359 456 5407 tuom.
486 5349 578 5407 Multa
602 5354 682 5419 sunl,
725 5350 812 5417 Deus,
851 5355 970 5422 peecata
1024 5349 1114 5407 omnir
1129 5351 1430 5424 mansuetudinisque
1445 5352 1531 5425 (raet.
1560 5352 1656 5426 dxxx).
1678 5352 1738 5413 ure
1761 5364 1862 5419 auten

142 5453 208 5495 mea
231 5445 260 5495 et
289 5441 354 5496 ideo
381 5440 544 5497 secundum
577 5438 791 5496 multitudinem
815 5439 968 5495 miseratio·
1024 5455 1131 5496 noman
1148 5441 1301 5514 proprium
1318 5440 1482 5514 exprimere
1496 5456 1607 5514 uereor,
1632 5457 1706 5501 aum
1723 5461 1776 5505 me
1796 5464 1863 5523 gru·

141 5541 210 5582 rrum
230 5528 345 5582 tuorum
364 5528 425 5585 dele
447 5531 624 5601 iniquitatem
640 5543 738 5584 meam.
770 5527 871 5584 Fetida
899 5533 970 5585 sunt
1023 5529 1094 5585 tiam
1111 5529 1447 5603 amisisseooguosoam,
1463 5546 1500 5589 ne
1521 5528 1726 5593 uenerantur
1740 5536 1867 5599 uatmdt

141 5618 172 5674 at
185 5612 263 5673 {reda
276 5619 396 5688 peeoata
410 5632 486 5685 mea,
501 5623 530 5674 et
545 5618 610 5676 ideo
621 5618 683 5675 toro
698 5632 751 5688 me,
765 5621 791 5676 et
801 5617 906 5677 munde
925 5635 969 5678 me
1023 5618 1143 5678 uomina
1158 5619 1333 5692 proratoris,
1349 5620 1492 5696 magisud
1506 5618 1683 5695 vindletm,
1708 5639 1809 5700 quum
1828 5630 1864 5690 ul
