3804 5992
153 224 210 304 ιιι
807 245 1015 302 runoccnru
1034 246 1072 302 ιιι
1090 247 1204 303 narn.
1328 226 1332 234 “
1812 244 1871 304 ιιι

155 393 291 436 summus
315 374 444 448 pontifex
467 378 640 448 assumptus
659 377 704 432 eet
718 374 748 430 iu
765 371 979 446 plenitudinem
995 376 1021 443 Α
1035 373 1156 443 Christi,
1172 376 1243 432 dum
1267 393 1319 449 pro
1343 377 1471 449 peccatis
1495 377 1661 447 obsecrant,
1677 380 1706 434 et
1727 380 1868 450 peccato·

153 464 320 539 potestatis.
335 464 410 523 Hinc
425 464 525 535 etiam,
542 465 620 538 quod
646 480 706 521 non
724 462 788 519 siue
803 462 903 536 magni
919 479 981 536 my·
1035 479 1082 520 ree
1120 481 1172 537 per
1208 467 1410 539 poenitentiam
1448 466 1650 524 reconciliant.
1670 466 1754 525 Unde
1791 466 1868 523 dixit

155 554 237 612 alerii
253 558 522 625 sacramento,cum
538 552 672 610 Christus
688 552 841 609 universos
857 551 981 608 interro·
1035 552 1216 626 Apostolus:
1244 557 1313 614 Deus
1334 564 1394 614 erat
1416 559 1446 613 in
1473 557 1593 628 Christo,
1606 559 1743 614 mundam
1765 573 1866 614 recon-

154 647 254 717 gasset
268 644 427 718 apostolos.
447 645 496 704 Vas
509 645 602 700 antem
615 658 695 715 pacm
711 657 756 699 mc
779 657 838 698 esse
863 639 982 697 dicitis?
1035 641 1142 701 ciliane
1156 645 1220 713 sibi,
1236 655 1262 703 ιι
1275 649 1368 717 poenit
1383 648 1414 704 in
1429 648 1510 704 nobis
1524 649 1635 705 verbnm
1652 647 1865 706 reconciliatio·

155 733 237 791 solua
253 737 368 803 Petrus,
384 734 468 808 quasi
481 732 595 807 primus
610 737 638 789 et
654 731 749 805 potior
763 731 914 803 respondit
928 747 980 803 pro
1034 732 1090 790 nis.
1107 739 1164 792 Pro
1178 734 1288 793 Ctrirto
1311 753 1373 810 erpo
1395 739 1531 808 iepationc
1552 737 1711 810 tnnpimnr,
1728 742 1864 810 tamqnam

155 823 318 882 omnibus:
344 826 381 881 fn
402 841 430 881 es
455 823 578 880 cbristus
603 821 690 878 Fitins
712 823 762 878 Dei
784 822 841 878 vivi
867 820 979 894 (narrt.
1034 825 1088 880 Deo
1102 825 1267 884 exhortante
1278 844 1329 900 per
1342 845 1400 885 nos.
1417 828 1596 886 obsecramus
1616 845 1683 903 erpo
1704 843 1756 901 pro
1779 828 1863 886 cbri-

50 912 54 921 '
154 917 223 981 xrs).
238 918 370 987 cumque
384 912 486 971 timore
502 911 625 987 periculi
647 910 745 969 cuncti
771 909 861 968 simul
886 913 981 967 exter·
1034 921 1084 985 eto,
1115 917 1339 973 reconciliamini
1372 919 1424 975 Deo
1455 917 1493 987 (ΙΙ
1526 921 1588 977 Dor.
1617 918 1655 990 ι).
1685 917 1864 974 Mediatores

34 1056 38 1065 ,
155 1006 290 1061 rorantur
313 1001 448 1077 apostoli,
464 1003 545 1060 solus
561 1002 663 1059 Petrus
683 1000 833 1059 descendit
857 999 981 1074 intrepi·
1035 1001 1113 1058 enim
1142 1008 1212 1061 aunt
1240 1007 1408 1063 sacerdotes
1434 1007 1512 1062 inter
1540 1006 1633 1063 Deum
1657 1010 1687 1062 et
1714 1004 1865 1078 homines,

155 1092 263 1162 dus,ut
274 1109 364 1166 super
379 1094 474 1151 undas
489 1091 580 1149 maris
595 1092 632 1148 ad
643 1090 800 1148 Dominum
817 1088 981 1147 ambularet
1034 1092 1105 1148 dum
1129 1098 1273 1167 precepta
1301 1095 1351 1151 Dei
1374 1095 1483 1168 populo
1506 1096 1642 1152 deferunt
1664 1095 1865 1168 praedicando,

154 1180 260 1252 (ιιιιιιι.
275 1181 345 1255 xiv).
359 1183 396 1239 ui
411 1199 479 1240 cum
502 1180 586 1238 multi
608 1179 824 1254 discipulorum
839 1179 982 1236 abiissent
1034 1185 1063 1238 et
1086 1188 1152 1239 vota
1175 1183 1275 1256 populi
1297 1184 1355 1241 Deo
1380 1185 1537 1258 porrigunt
1561 1185 1769 1259 supplicando.
1787 1186 1865 1252 Quo·

154 1274 243 1342 retro,
258 1270 413 1329 dieentes:
437 1273 528 1328 Daras
551 1275 593 1327 est
615 1271 661 1327 tric
683 1285 786 1340 sermo,
807 1269 880 1326 dicit
903 1271 981 1326 iesus
1034 1269 1112 1327 circa
1147 1271 1221 1329 tales
1258 1272 1365 1330 debent
1402 1274 1526 1332 existere
1562 1275 1740 1343 sacerdotes,
1765 1277 1801 1331 ut
1837 1277 1866 1332 et

155 1360 196 1419 ad
207 1360 368 1419 duodecim:
383 1360 522 1434 Nanqaid
535 1363 561 1417 et
576 1359 721 1417 inbannitis
736 1357 837 1416 abirr‘l
862 1360 981 1432 Respon·
1035 1365 1093 1417 Deo
1107 1360 1169 1418 sint
1182 1363 1268 1434 grati,
1285 1367 1314 1419 et
1327 1362 1499 1422 hominibus
1514 1365 1576 1421 sint
1590 1365 1709 1437 accepti.
1728 1365 1816 1431 Nam,
1834 1369 1866 1422 ut

155 1450 198 1507 dit
220 1450 248 1507 ei
272 1450 367 1506 Simon
390 1453 513 1508 Petnss:
547 1449 672 1518 Domine,
697 1449 733 1504 ad
755 1465 836 1522 qnem
859 1449 982 1505 ibimus?
1035 1449 1407 1525 inquitdlexanderpepa:
1425 1452 1737 1510 «christisacerdotes
1751 1456 1865 1525 quanto

158 1541 244 1598 Verba
261 1540 326 1596 vita
346 1543 462 1598 aeternae
485 1538 681 1610 babes,etnos
694 1540 832 1596 credimus
846 1548 872 1595 ιι
884 1555 982 1611 caprio·
1036 1539 1185 1612 digniores
1209 1541 1329 1613 fuerint,
1343 1544 1425 1599 lanto
1448 1542 1561 1600 facilins
1580 1542 1609 1599 in
1633 1541 1865 1600 necessitatibus

156 1631 257 1695 aimus,
287 1630 352 1701 pain
377 1637 408 1686 tn
432 1645 460 1686 es
485 1628 610 1685 Christus
632 1627 721 1685 Filias
744 1628 795 1684 Dei
818 1629 907 1701 (ioan.
931 1630 981 1690 ιιι).
1036 1628 1148 1701 populi,
1177 1646 1229 1702 pro
1259 1630 1368 1703 quibus
1395 1631 1533 1705 clamant,
1564 1633 1803 1689 exaudiuntur.»
1831 1632 1866 1688 lit

156 1719 289 1791 Cumque
310 1720 398 1777 iesus
422 1718 599 1791 respexisset
622 1718 794 1792 discipulos,
811 1719 853 1775 ait
870 1718 983 1776 Simoni
1037 1718 1218 1791 Apostolus:
1244 1720 1376 1779 Mediator
1398 1738 1454 1779 non
1477 1730 1516 1779 est
1540 1724 1624 1780 onias
1653 1722 1727 1795 (Dat.
1743 1724 1800 1792 ιιι).
1816 1721 1866 1778 Di·

156 1813 255 1867 Petro:
267 1810 299 1866 Si
313 1811 344 1866 in
357 1813 384 1867 te
394 1810 551 1881 peccaverit
562 1811 653 1880 frater
666 1809 817 1876 tans,aade
831 1814 860 1866 et
874 1810 984 1881 corripe
1036 1809 1155 1865 scordea
1178 1809 1257 1867 enim
1282 1810 1469 1868 reconciliare
1493 1829 1551 1868 uon
1577 1815 1682 1885 potest,
1699 1811 1751 1885 qui
1774 1810 1865 1868 simul

157 1913 222 1956 eam
244 1899 318 1955 inter
339 1907 367 1955 ιι
382 1907 411 1955 ιι
428 1898 521 1968 ipsam
535 1899 636 1965 rotam,
652 1902 706 1955 etc.
724 1898 777 1954 Cri
798 1913 863 1955 cnm
887 1904 983 1955 Petras
1037 1896 1192 1971 utriusque
1213 1899 1360 1958 societatis
1382 1905 1411 1958 et
1435 1901 1569 1957 amicitie
1592 1900 1711 1959 vinculo
1734 1916 1795 1957 non
1821 1903 1865 1958 eet

157 1989 312 2047 diamari:
345 1992 471 2057 Domine,
496 1989 601 2063 prosim
628 1990 754 2062 peccabit
775 1989 807 2044 in
829 2004 873 2046 me
895 1992 985 2061 trater
1036 2003 1169 2045 concors.
1184 1988 1213 2044 si
1228 1990 1306 2046 euim
1328 1989 1354 2046 is
1378 1990 1429 2063 qui
1450 1989 1596 2063 displicet,
1617 1991 1654 2048 ad
1679 1991 1865 2048 interceden-

158 2093 246 2148 meas‚
261 2078 443 2136 etdimittam
457 2079 506 2136 eit
520 2095 606 2152 nsqae
628 2079 748 2153 septies?
762 2079 914 2151 Respondit
936 2077 985 2134 iili
1037 2077 1109 2133 dum
1132 2077 1277 2148 mittatur,
1297 2079 1364 2136 irati
1388 2079 1505 2136 animus
1529 2081 1565 2136 ad
1589 2079 1736 2137 deteriore
1759 2096 1864 2153 provo·

159 2170 262 2227 iesus:
282 2168 342 2226 fian
365 2168 425 2227 dico
447 2169 499 2225 tibi
522 2184 607 2242 nspne
627 2171 738 2241 septies,
761 2168 808 2226 sed
832 2183 916 2240 oscae
938 2183 985 2224 ss·
1039 2170 1132 2223 catur.
1148 2167 1181 2222 Hi
1198 2172 1265 2240 post
1280 2168 1495 2226 invocationem
1520 2168 1615 2226 sancti
1633 2169 1763 2242 Spiritus
1779 2185 1868 2243 super

160 2259 290 2332 praepter
303 2249 404 2331 septies
418 2259 521 2331 (dani.
538 2259 643 2332 evrini:
666 2262 695 2315 et
715 2274 781 2314 cum
798 2273 900 2315 omnes
915 2273 986 2330 apo·
1039 2258 1201 2329 utrumque
1225 2256 1381 2315 humerum
1405 2258 1513 2315 stolam
1536 2257 1696 2332 accipiunt,
1713 2262 1746 2316 ut
1761 2260 1867 2317 exhor

161 2347 230 2405 atoli
246 2348 344 2421 fugam
360 2347 532 2420 arriperent,
549 2347 630 2404 solua
646 2347 748 2404 Petrus
769 2348 898 2404 educens
921 2346 985 2420 gla-
1038 2343 1217 2418 iutelligant,
1233 2363 1265 2403 se
1277 2363 1329 2419 per
1343 2363 1422 2404 arma
1441 2347 1554 2419 institia
1567 2365 1585 2404 a
1598 2347 1706 2406 dextris
1720 2352 1746 2406 ιι
1761 2366 1779 2406 a
1794 2349 1870 2407 sini·

159 2436 254 2503 dium,
267 2436 414 2510 percussit
425 2452 543 2495 servum
558 2436 717 2510 pontificis,
731 2439 760 2493 et
774 2436 905 2492 dextram
921 2436 986 2508 ejus
1038 2434 1105 2491 stris
1127 2452 1184 2492 esse
1207 2436 1339 2494 munitos
1363 2438 1397 2509 (ll
1413 2437 1474 2495 Cor.
1492 2441 1543 2504 vr).
1559 2440 1711 2505 Quatenus
1733 2455 1790 2497 nee
1816 2439 1868 2496 ad·

157 2525 284 2583 abscidit
296 2524 459 2584 auriculam
474 2527 551 2599 (inc.
566 2528 649 2597 xxu).
659 2527 792 2599 Cumque
807 2529 873 2599 post
886 2541 986 2583 resur·
1039 2524 1130 2581 versis
1153 2525 1337 2599 frangentur,
1353 2542 1407 2583 neo
1430 2527 1579 2601 prosperis
1603 2528 1767 2586 eleventur.
1786 2527 1868 2585 Unde

156 2616 319 2674 rectionem
335 2616 385 2675 alil
400 2616 539 2689 discipuli
565 2617 681 2690 navigio
696 2617 845 2674 venisseut
869 2617 906 2673 ad
928 2620 985 2673 Do·
1039 2629 1106 2670 oum
1123 2613 1227 2671 stolam
1244 2615 1404 2688 accipiunt,
1421 2617 1493 2673 dicit
1508 2616 1568 2674 illis
1582 2619 1740 2691 episcopus
1757 2635 1764 2677 :
1791 2617 1868 2675 Acci·

158 2704 398 2776 minum,Petrue
408 2706 585 2779 succingens
594 2722 626 2763 ae
637 2705 720 2762 misit
730 2706 759 2762 iu
772 2705 986 2775 mare,utinter
1038 2702 1096 2776 pite
1114 2703 1215 2777 jupam
1231 2704 1352 2776 Domini,
1365 2706 1462 2778 iopam
1486 2706 1561 2763 enim
1585 2709 1644 2781 ejas
1663 2722 1752 2765 suave
1776 2712 1829 2777 est,
1843 2712 1869 2765 ιι

155 2795 253 2853 undae
276 2797 311 2852 ad
336 2795 435 2868 ipsum
459 2796 609 2854 accederet
631 2795 721 2856 (ioan.
735 2800 786 2863 ιιι).
803 2797 986 2868 Quapropter
1038 2808 1107 2849 anns
1120 2795 1178 2866 eins
1196 2793 1253 2850 teve
1267 2790 1371 2852 (ιιιιιι.
1387 2798 1449 2865 ιιι).
1466 2795 1560 2852 Suave
1581 2801 1627 2852 ιιι
1650 2796 1681 2852 in
1707 2797 1866 2871 prosperis,

156 2888 186 2942 et
200 2884 347 2953 Christus,
363 2901 430 2941 oum
452 2884 662 2942 resurrexisset
677 2884 843 2953 emortuis,
857 2884 939 2957 prius
954 2900 985 2941 ee
1038 2882 1100 2938 leve
1115 2888 1158 2938 est
1173 2882 1203 2938 in
1219 2884 1359 2940 adversis.
1376 2884 1532 2957 Accipiunt
1550 2901 1667 2958 quoque
1691 2885 1815 2942 calicem
1839 2888 1868 2943 et

156 2973 241 3030 Petro
255 2990 343 3046 quam
358 2973 471 3031 ceteris
486 2974 617 3032 ostendit
631 2973 782 3046 apostolis¹
793 2975 861 3046 qnia
876 2989 985 3030 accan·
1038 2975 1177 3045 patenam
1192 2972 1228 3028 de
1243 2988 1333 3028 manu
1349 2973 1509 3046 pontificis,
1526 2977 1674 3047 quatenus
1689 2973 1736 3030 his
1753 2975 1867 3032 instru-

158 3063 230 3120 dum
245 3062 415 3135 Apostolum
429 3065 505 3120 anns
519 3071 559 3121 est
578 3065 690 3136 Cepia,
705 3066 765 3135 post
777 3063 828 3119 tac
841 3062 980 3119 undecim.
1038 3059 1146 3116 mentis
1170 3063 1346 3132 potestatem
1362 3077 1393 3118 se
1408 3062 1556 3135 accepisse
1581 3064 1753 3136 agnoscant,
1770 3062 1867 3137 placa·

156 3153 258 3210 Deinde
271 3153 553 3228 ammestplnspnam
567 3152 728 3227 pninpentis
742 3152 884 3224 tratribus
897 3155 981 3210 simoi
996 3127 1019 3196 C
1038 3148 1112 3205 biles
1126 3148 1240 3207 hostiae
1254 3150 1406 3210 offerendi.
1424 3151 1507 3209 Unde
1530 3169 1598 3209 cum
1621 3151 1683 3210 haee
1707 3152 1865 3227 epiecopus

49 3256 53 3267 ·
155 3242 195 3315 (ΙΙ
211 3243 274 3301 Car.
289 3251 348 3315 xv).
1036 3240 1163 3297 tribuit:
1188 3242 1319 3315 Accipite,
1344 3241 1451 3315 inquit,
1478 3247 1639 3316 potestatem
1662 3244 1800 3317 offerendi
1822 3262 1865 3301 sa·

472 3358 590 3416 CAPUT
611 3360 662 3416 IX·
1036 3330 1173 3401 crificium
1188 3332 1253 3399 Deo,
1268 3335 1434 3405 missamque
1455 3333 1625 3402 celebrandi,
1642 3340 1698 3391 tam
1720 3349 1774 3406 pro
1798 3333 1866 3391 airis

1035 3436 1119 3492 qnam
1130 3435 1182 3492 pro
1196 3419 1332 3492 defunctis
1347 3424 1379 3477 in
1393 3424 1507 3479 nomine
1522 3422 1645 3481 Domini.

649 3526 748 3594 ymo„
1070 3510 1173 3568 Officio
1197 3511 1357 3568 sacerdotis
1373 3529 1446 3570 usus
1462 3518 1506 3569 est
1520 3512 1664 3571 Dominus
1678 3513 1766 3572 lesus
1782 3514 1867 3571 Chri·

1035 3602 1110 3672 stus,
1128 3601 1247 3673 quando
1264 3605 1330 3673 post
1346 3617 1457 3658 coenam
1472 3619 1578 3675 panem
1594 3607 1623 3659 et
1636 3602 1739 3660 vinum
1755 3603 1787 3660 in
1801 3620 1864 3662 cor·

1035 3706 1090 3760 pus
1105 3692 1133 3746 et
1148 3690 1322 3763 sauguinem
1350 3707 1438 3748 suum
1463 3691 1561 3749 divina
1584 3692 1693 3749 virtute
1708 3694 1865 3754 convertit.

154 3450 195 3505 De
210 3448 403 3506 convenientia
416 3452 444 3505 ιι
457 3446 616 3523 differentia
633 3451 802 3577 potestatam
824 3447 900 3507 inter
921 3450 982 3524 epi·

381 3519 504 3594 piscopos
522 3525 549 3577 ιι
564 3537 630 3594 pres

188 3634 290 3693 Differt
318 3640 415 3692 autem
444 3635 522 3693 inter
549 3636 703 3710 episcopos
732 3640 761 3692 et
784 3638 980 3710 presbyteros,

153 3724 224 3798 quia
245 3725 280 3780 sd
306 3741 408 3782 omnes
434 3726 601 3783 secerdotes
625 3725 822 3782 communiter
842 3727 979 3799 pertinet,

153 3813 343 3886 catechizare,
368 3814 527 3888 baptizare,
551 3814 721 3889 praedicare,
745 3815 897 3885 conficere,
923 3816 980 3875 sol·

154 3920 221 3961 vere
234 3910 264 3959 et
278 3901 439 3976 ligaressed
456 3903 624 3977 specialiter
636 3905 673 3961 ad
690 3905 841 3979 pontifices
856 3910 979 3980 spectat,

154 3992 276 4051 clericos
299 3993 445 4065 ordinare,
467 3993 595 4067 virgines
618 3994 799 4065 benedicere,
825 3996 979 4068 pontifices

153 4099 335 4156 consecrare,
360 4101 467 4142 manus
491 4085 653 4159 imponere,
671 4084 808 4143 basilicae
832 4086 978 4158 dedicare,

151 4173 357 4248 degradandos
371 4176 528 4248 deponere,
539 4176 666 4248 synodos
680 4174 837 4244 celebrare,
849 4175 978 4235 chrisma

150 4265 303 4335 conficere,
332 4268 429 4321 vestes
457 4268 486 4321 ιι
510 4281 581 4321 vasa
609 4280 788 4322 consecrare.
821 4265 978 4339 Unguntur
1362 4255 1480 4312 CAPUT
1499 4256 1532 4312 Χ·

149 4357 249 4409 autem
273 4370 379 4410 manus
403 4353 581 4426 presbyteris
598 4354 634 4410 ab
651 4354 797 4426 episcopo,
814 4359 847 4411 ut
871 4373 977 4428 cogno.
1030 4345 1068 4401 De
1081 4346 1274 4402 commonibus
1287 4353 1313 4402 ιι
1325 4344 1494 4417 specialibus
1508 4345 1678 4405 indumentis
1694 4348 1865 4422 pontificiam

148 4448 231 4498 soant
252 4439 307 4498 hoo
330 4447 515 4499 sacramento
539 4458 571 4499 ιι
595 4459 645 4515 per
670 4442 813 4516 Spiritum
838 4449 975 4502 sanctum
1329 4420 1354 4473 et
1369 4420 1560 4474 'mmmm‘

148 4529 299 4604 suscipere
306 4531 434 4604 gratiam
444 4531 645 4588 consecrandi.
658 4531 741 4588 Unde
753 4549 817 4588 cum
830 4548 880 4590 eas
891 4535 977 4609 ungit
990 4510 1013 4575 ⁰
1064 4535 1129 4587 Hae
1152 4537 1252 4589 autem
1276 4535 1476 4593 communitas
1490 4538 1519 4592 et
1534 4533 1704 4607 specialitas
1730 4540 1864 4609 potesta·

147 4619 314 4693 episeopus,
331 4620 423 4678 dicit:
450 4621 613 4679 consecrare
636 4624 662 4677 et
686 4624 863 4693 sanctificare
881 4624 976 4697 dipne·
1030 4624 1094 4677 tum
1121 4622 1197 4678 inter
1219 4623 1373 4697 episcopos
1388 4628 1417 4681 et
1432 4624 1629 4698 presbyteros,
1646 4624 1712 4697 ipso
1737 4642 1864 4688 numero

146 4710 197 4777 ris,
221 4710 338 4767 Domine
360 4727 460 4767 manas
483 4712 563 4778 istas,
587 4727 638 4783 per
658 4713 742 4767 istam
768 4714 925 4770 nnaionem
949 4725 977 4772 ιι
1029 4712 1230 4769 communium
1259 4718 1287 4771 et
1316 4715 1490 4788 specialium
1518 4714 1646 4772 vestium
1675 4715 1864 4788 dermursur.

145 4804 273 4856 nostram
296 4799 528 4872 benedictionem
552 4805 583 4858 at
610 4817 778 4873 pnaecnnpae
800 4818 974 4861 consecrans·
1027 4807 1082 4861 Sex
1106 4809 1203 4861 autem
1232 4811 1302 4864 sunt
1329 4807 1504 4865 indumenta
1526 4807 1696 4865 communia
1711 4809 1864 4885 episeopis

146 4886 207 4943 rint
251 4895 455 4956 consecrentur,
493 4891 518 4945 et
559 4903 731 4962 qnsecnnpne
778 4889 974 4949 benedixerint
1027 4898 1056 4950 et
1078 4894 1266 4967 presbyteris,
1282 4894 1416 4953 videlicet
1439 4896 1579 4965 amictus,
1596 4896 1673 4966 alba,
1690 4897 1862 4974 cingulum,

145 4974 347 5034 benedicantur
371 4980 400 5034 in
425 4977 537 5034 nomine
564 4977 857 5051 Dominl.Unguutur
881 4981 972 5039 etiam
1027 4983 1112 5052 stola,
1129 4983 1300 5057 manipulus
1328 4990 1357 5043 et
1386 4985 1513 5058 planeta.
1538 4987 1612 5052 Quia
1636 4986 1781 5047 nimirum
1811 5007 1862 5049 aex

1034 3778 1165 3852 Accipite,
1180 3777 1289 3852 iuquit,
1304 3781 1330 3835 et
1344 3779 1494 3837 comedite:
1519 3781 1571 3837 boc
1584 3789 1623 3837 est
1637 3797 1739 3855 corpas
1761 3799 1865 3840 meam.

1033 3869 1088 3925 fiac
1123 3867 1213 3941 facite
1241 3870 1272 3924 in
1299 3885 1391 3925 meam
1428 3872 1719 3928 commemorationem
1757 3872 1864 3945 (nant.

1032 3956 1327 4029 xxv1).Dxcellentius
1342 3962 1440 4016 autem
1457 3976 1530 4016 usus
1545 3969 1589 4017 est
1603 3960 1657 4017 hoc
1672 3961 1781 4032 officio,
1794 3977 1864 4019 cnm

1033 4064 1085 4120 pro
1099 4047 1225 4120 peccatis
1236 4047 1358 4104 humani
1374 4049 1491 4121 generis
1506 4049 1639 4122 seipsum
1652 4049 1684 4106 in
1700 4066 1753 4108 ara
1766 4052 1865 4109 crucis

1032 4139 1149 4210 obtulit,
1166 4139 1244 4196 idem
1260 4139 1324 4212 ipse
1337 4139 1475 4197 sacerdos
1489 4144 1518 4197 ct
1532 4140 1640 4198 hostia.

145 5080 252 5123 manus
279 5067 475 5140 presbyteris,
506 5071 538 5124 ut
564 5084 653 5140 opera
681 5067 889 5125 misericordia
919 5088 971 5144 pro
1026 5073 1152 5141 sunnin
1176 5074 1286 5145 quibus
1310 5076 1478 5133 communis
1503 5076 1712 5149 episcoporum
1735 5082 1768 5136 et
1794 5097 1860 5154 pre·

141 5152 254 5212 viribus
279 5156 315 5212 ad
338 5171 440 5212 ornnes
468 5157 593 5213 debeant
616 5173 759 5213 exercere.
784 5161 839 5214 Per
863 5175 970 5218 manus
1025 5163 1209 5236 sbyterorum
1239 5167 1371 5236 potestas
1398 5164 1537 5222 consistit
1553 5182 1560 5220 ε
1576 5164 1861 5227 videlicetoalechi·

141 5244 220 5300 enim
245 5261 343 5319 opera,
360 5260 411 5318 per
434 5243 530 5302 oleum
557 5245 760 5303 misericordia
784 5247 966 5320 designatur.
1024 5270 1100 5318 zare,
1136 5252 1295 5325 baptizare,
1338 5254 1506 5327 praedioare,
1550 5255 1703 5328 conficere,
1742 5257 1862 5319 solvere

141 5330 222 5389 Unde
244 5335 449 5393 Samaritanus
479 5335 657 5409 appropians
685 5334 848 5409 vulnerato,
864 5339 967 5398 viuum
1023 5341 1167 5414 alligare.

139 5422 340 5492 superinfudit
363 5430 392 5482 ιι
416 5425 513 5483 oleum
538 5428 615 5487 (Lac.
631 5427 671 5495 x).
700 5428 913 5487 Verumtamen
937 5435 967 5488 et
1058 5431 1167 5489 Novem
1191 5435 1290 5489 autem
1316 5436 1386 5490 suut
1410 5438 1583 5492 ornamenta
1597 5434 1778 5508 pontificum
1795 5455 1860 5514 aps-

137 5511 265 5582 malores
292 5517 320 5569 et
349 5513 478 5573 minores
506 5515 674 5574 sacerdotes
704 5517 903 5574 communiter
934 5517 966 5578 in
1018 5520 1265 5591 cialia,videlioet
1292 5523 1404 5597 caliges,
1431 5523 1577 5597 sandalia,
1607 5524 1857 5605 succinctorium,

134 5599 315 5675 quibusdam
340 5602 418 5663 vices
443 5608 550 5680 gerunt
573 5603 682 5663 summi
697 5605 859 5681 pontificis,
874 5607 904 5666 id
920 5612 965 5669 eat
1016 5611 1130 5681 tunica,
1156 5611 1327 5683 dalmatias,
1354 5613 1444 5673 mitra
1468 5616 1498 5673 et
1525 5612 1691 5685 chiroteooe,
1721 5608 1858 5681 annulus
