3796 5986
84 248 137 310 sel
740 251 949 309 innocuum
967 252 1007 307 m
1025 251 1137 305 earu.
1751 234 1791 291 ⁸³2

87 380 203 452 canptur
217 374 410 450 offertorium,
431 374 554 434 trahens
577 390 682 433 nomen
706 374 743 432 ab
757 375 906 447 adurendo,
922 381 949 449 Α
965 387 1015 428 ara
1030 369 1127 426 crucis
1142 368 1269 435 offerret,
1284 366 1314 422 in
1337 363 1556 424 resurrections
1573 356 1701 425 Lucri,
1715 355 1794 431 lacn·

87 469 158 542 quia
181 467 252 522 dum
277 466 457 523 ollerlorium
482 471 627 535 cantatur,
644 465 781 522 sacerdos
804 462 911 535 accipit
964 477 1029 518 mas
1044 458 1148 516 eliudit
1162 453 1527 527 miseratus,urangetisis
1543 452 1689 508 testante
1703 448 1794 515 :lerna

87 557 250 615 oblationes
265 573 282 613 a
298 556 424 628 populis,
439 555 482 612 vel
503 556 615 612 hostias
629 573 646 610 a
661 553 816 610 ministris.
832 553 910 608 llilc-
965 551 1073 623 inquit,
1088 551 1238 624 infremuit
1252 547 1364 622 spiritu,
1379 546 1501 603 turbavit
1515 541 1754 615 semetipsum
1764 540 1794 594 tc·

86 662 145 704 rcm
160 647 235 703 coitu
250 645 372 702 rictorem
383 637 475 718 dilicit
489 646 559 702 Deus
574 647 608 708 (ll
624 645 684 702 Cor.
701 647 731 705 ι).
748 642 824 700 Ordo
839 657 909 698 oon·
964 645 1109 714 crymatus
1123 647 1164 699 cat
1180 642 1270 713 (laon.
1284 640 1337 702 xi).

85 737 217 804 veniens,
236 739 268 792 ut
294 741 360 807 post
375 735 608 806 pradicationem
632 737 773 806 sequatur
792 731 864 787 tides
879 731 909 786 in
1271 755 1388 813 CAPUT
1408 753 1475 810 LVI·

87 825 186 892 corde,
201 825 266 880 laus
282 825 312 881 in
328 841 387 893 ore,
397 827 509 881 tructus
524 825 554 880 in
570 840 667 897 opere.
683 822 769 878 Fides
783 820 813 876 in
827 821 909 890 Sym·
964 848 1001 904 ω
1015 846 1214 920 ,morah-hm,
1228 853 1254 901 η
1275 862 1361 919 qua„
1376 857 1435 900 ,ma
1455 856 1522 913 pa„
1535 834 1716 896 eximiam
1728 843 1753 891 eg
1764 836 1795 891 ,p

3 976 6 981 ,
88 914 165 983 bolo,
182 912 246 970 laus
261 915 292 970 in
307 913 464 982 offertorio,
481 916 594 971 tructus
609 913 639 968 in
663 910 817 970 sacrificio.
833 909 909 974 Qua·
1246 921 1309 973 iera
1322 915 1513 986 complicatur.

20 1044 22 1051 .
89 1008 205 1078 propter
219 1002 367 1063 offerenda
381 1003 605 1074 cantatur,quia
620 998 797 1058 sacrificium
813 998 910 1054 laudis
1001 1023 1120 1081 lntfflm
1144 1039 1211 1079 ,ew
1236 1021 1378 1079 diaconus
1402 1015 1573 1092 gomorga
1599 1011 1706 1088 pall„
1720 1027 1797 1083 ,upa

86 1092 229 1161 offertur,
246 1093 324 1148 unda
350 1091 507 1149 Psalmista
523 1107 531 1148 :
549 1090 705 1148 Circumibo
723 1098 750 1146 et
765 1088 911 1145 immolabo
965 1113 1056 1171 alm„
1070 1112 1281 1184 disponigquae
1296 1108 1466 1182 significant
1481 1103 1683 1169 linteamina,
1698 1099 1797 1173 quibu,

86 1180 313 1239 iutcbcrnoculo
336 1182 394 1253 ejus
419 1183 540 1239 bostium
554 1179 782 1248 vociferationis,
795 1176 910 1234 cantabo
964 1201 1128 1260 'mmmmm
1146 1196 1597 1271 fuitcomugpewpfflautom
1611 1188 1795 1265 qnaepnmu

88 1274 114 1328 ²⁸
128 1270 270 1344 listlmum
285 1269 373 1326 dicam
389 1271 503 1328 ⁰⁰min⁰
517 1271 603 1335 (Ρὲαῆ
620 1269 708 1342 ml·
726 1268 760 1324 Et
775 1267 805 1323 in
821 1266 909 1322 pm·
963 1292 1180 1366 ponitursuper
1189 1288 1310 1345 calicem
1325 1287 1424 1358 signat
1434 1279 1697 1351 sudariumquod
1711 1277 1797 1335 iuerat

87 1357 256 1432 ΠΡΟιῃθῃοῐι
287 1376 293 1414 ²
325 1359 392 1415 cum
418 1361 548 1433 ‘lilim‘
577 1358 744 1426 ''⁰²⁰⁶er
773 1360 910 1428 mmm
965 1395 1054 1454 super
1068 1385 1156 1451 caput
1170 1378 1235 1450 ejus
1249 1376 1409 1449 separatim
1425 1370 1639 1428 involutumin
1653 1366 1797 1424 unumlo·

88 1449 185 1507 ΨΜ
198 1466 296 1507 ΝΜ
319 1452 445 1517 ΗΘΜ·
460 1460 487 1508 θῑ
509 1452 541 1506 io
564 1450 680 1506 ‘ssimi‘
703 1449 825 1520 0790Μῆ
848 1459 911 1517 ‘1²⁸ae
964 1467 1160 1525 cambanis
1186 1467 1284 1537 itaque
1308 1468 1424 1519 tantum
1448 1459 1596 1532 reperitur
1610 1457 1645 1513 in
1663 1469 1797 1511 canone:

87 1539 175 1595 David
189 1555 239 1596 7⁶2
252 1545 433 1612 willermi,
448 1555 613 1611 wamiam
625 1542 704 1613 (Pan
719 1550 806 1603 ¹¹¹¹l·
965 1580 980 1610 a
996 1556 1134 1614 consulta
1158 1555 1293 1612 omnium
1318 1550 1539 1616 constituimus,
1557 1551 1593 1603 ut
1614 1543 1796 1603 sacrificium

397 1647 513 1705 CAPUT
534 1646 602 1704 LIV.
965 1646 1069 1704 altaris
1084 1662 1142 1701 non
1158 1643 1187 1699 in
1203 1643 1295 1700 serico
1311 1643 1475 1714 panno,aut
1488 1635 1616 1693 intincto
1633 1632 1796 1706 quisquam

283 1736 444 1795 Desilcntio
458 1737 714 1810 parisitasterium.
926 1734 1114 1846 Bcelebrare
1138 1735 1306 1806 presumat,
1331 1725 1434 1786 sedin
1459 1741 1532 1800 puro
1557 1724 1640 1781 lineo
1669 1723 1722 1794 [al.
1745 1720 1795 1776 lin-

16 1890 20 1897 ,
123 1825 267 1883 Posthac
291 1829 428 1882 sacerdos
452 1826 560 1882 silentii
581 1826 773 1882 solitudinem
788 1820 906 1896 expetit,
963 1825 1023 1897 teo]
1039 1823 1106 1896 (35),
1122 1821 1158 1878 ab
1184 1821 1321 1894 episcopo
1345 1819 1525 1882 consecrato,
1543 1818 1669 1870 terreno
1686 1809 1795 1867 scilicet

86 1911 217 1972 instante
231 1916 371 1972 memoria
386 1915 543 1972 Dominicis
564 1915 720 1987 passionis,
736 1914 809 1971 illud
832 1914 899 1970 insi
961 1912 1022 1970 lino
1038 1914 1189 1985 procreato
1204 1914 1290 1979 atque
1304 1911 1450 1971 contexto,
1460 1903 1537 1959 sicut
1549 1918 1665 1973 carpus
1680 1897 1794 1956 Domini

87 2019 184 2060 nuans
199 2004 275 2076 quod
290 2005 378 2061 lasus
389 2005 453 2076 jam
467 2022 525 2061 non
538 2005 633 2077 palam
650 2004 819 2060 ambulabat
830 2003 907 2076 apud
963 2001 1056 2059 nostri
1070 2000 1140 2057 Jesu
1154 1998 1263 2056 Christi
1280 1999 1309 2052 in
1323 1995 1447 2052 sindone
1469 1993 1546 2048 linea
1560 1990 1682 2046 munda
1697 1986 1793 2061 sepul·

86 2089 214 2155 lancos.
231 2107 297 2148 cum
313 2095 477 2166 cogitarent
491 2109 556 2149 eum
579 2092 754 2159 interlicere,
770 2093 820 2147 sed
837 2093 910 2149 abiit
962 2095 1028 2148 tum
1044 2090 1108 2146 tuit.
1123 2111 1137 2140 n
1153 2087 1251 2144 Potest
1274 2084 1418 2143 tamenin
1443 2083 1531 2138 biset
1555 2079 1641 2137 aliud
1658 2079 1794 2153 figurari.

87 2178 118 2235 ln
133 2180 293 2252 regionem,
307 2181 392 2252 juxta
402 2182 550 2237 desertum
564 2181 593 2238 in
605 2182 719 2238 civitate
729 2170 792 2252 quas
803 2180 911 2236 dicitur
964 2178 1078 2254 Duplex
1091 2183 1137 2234 est
1151 2175 1229 2231 enim
1245 2173 1401 2247 pallaque
1416 2171 1525 2227 dicitur
1540 2166 1701 2240 corporale
1716 2183 1725 2223 z
1740 2181 1798 2223 uua

88 2268 259 2340 llphrem.et
272 2269 313 2325 ibi
327 2271 498 2326 morabatur
512 2287 578 2326 cum
595 2269 749 2341 discipulis
761 2270 835 2326 suis.
852 2269 911 2326 dct-
964 2285 1054 2342 quam
1070 2268 1213 2324 diaconus
1228 2279 1318 2336 super
1331 2261 1424 2318 altare
1439 2265 1532 2316 totam
1546 2257 1696 2324 extendit,
1708 2255 1797 2313 alters

88 2359 211 2429 iecerunt
233 2374 297 2428 crgo
317 2359 459 2430 pontifices
487 2370 513 2417 ct
540 2359 680 2418 Pharisaei
702 2360 864 2424 concilium,
887 2367 913 2416 et
966 2374 1056 2433 quam
1080 2372 1169 2429 super
1193 2353 1316 2411 calicem
1341 2349 1479 2423 plicatam
1505 2347 1644 2420 imponit.
1659 2346 1737 2402 Pars
1752 2362 1797 2402 ex·

87 2446 219 2504 dicebant
235 2465 242 2504 :
259 2448 329 2517 aaut
340 2452 484 2520 sociemus,
497 2451 562 2522 quic
577 2451 624 2505 lic
637 2450 717 2506 bomo
730 2449 818 2505 multa
831 2452 913 2520 riona
966 2447 1163 2519 tensa,signat
1177 2444 1277 2508 iidem,
1287 2457 1355 2514 pars
1370 2439 1478 2512 plicata
1488 2437 1587 2510 signat
1598 2434 1797 2492 intellectum.

88 2537 160 2609 {coit
169 2540 181 2590 l
190 2552 215 2592 si
229 2536 397 2594 dimittimus
410 2555 473 2596 cum
487 2539 756 2607 commaculent
770 2541 799 2597 in
810 2543 912 2607 eum‚et
967 2537 1019 2595 llic
1033 2535 1112 2593 enim
1129 2532 1301 2605 mysterium
1318 2528 1397 2585 credi
1413 2528 1510 2593 debet,
1522 2527 1572 2583 sed
1583 2523 1798 2598 comprehendi

88 2624 200 2682 uenient
216 2626 341 2694 Romani,
358 2636 384 2683 et
398 2629 494 2684 tolient
508 2634 632 2686 codrum
647 2630 735 2686 iocum
754 2637 780 2686 et
792 2638 910 2700 pentem.
968 2643 1026 2683 non
1041 2624 1128 2694 valet,
1143 2627 1176 2678 ut
1199 2621 1271 2677 tides
1295 2619 1403 2676 babeat
1424 2617 1573 2683 meritam,
1589 2615 1639 2672 oui
1667 2614 1799 2671 bumana

93 2716 167 2775 osor
182 2720 275 2772 autem
289 2733 325 2773 era
338 2717 535 2790 altiacaiplim
548 2720 672 2787 nomine,
687 2735 749 2774 com
761 2729 830 2774 esset
844 2734 913 2789 poo-
968 2715 1041 2771 ratio
1054 2729 1110 2769 non
1122 2710 1232 2784 praebet
1244 2707 1488 2781 experimentum.
1500 2703 1665 2762 Credamus
1680 2718 1753 2774 ergo
1766 2701 1797 2757 de

90 2804 161 2876 tissa
184 2807 255 2861 acui
278 2804 372 2874 itlius,
388 2807 460 2864 dixit
475 2809 539 2864 cia.-
556 2808 603 2864 Vos
625 2807 738 2864 cumeis
752 2807 912 2879 quidquam,
968 2803 1048 2860 carde
1060 2798 1311 2874 peraccessimus
1326 2797 1397 2852 boec
1411 2803 1436 2850 et
1451 2793 1503 2864 fide
1517 2809 1572 2850 nco
1587 2792 1679 2863 detali
1694 2791 1795 2863 Timr).

93 2909 144 2951 nec
156 2895 295 2963 capitatis,
312 2898 378 2966 quia
393 2896 505 2967 expedit
519 2896 604 2967 vobis,
619 2900 650 2952 ut
664 2913 736 2952 unus
760 2896 841 2951 homo
864 2911 914 2969 pro
969 2893 1026 2951 Sed
1051 2907 1108 2946 non
1133 2902 1347 2961 prasumamus
1371 2883 1528 2954 discutere,
1545 2881 1617 2955 quia
1637 2880 1796 2954 delecmcl

93 2983 195 3054 papula
209 2985 387 3055 moriatur,ct
400 3001 456 3042 nac
469 2988 525 3042 lota
538 3001 603 3058 pena
615 2989 719 3059 pereat.
735 2986 773 3042 Aa
789 2985 838 3043 illc
852 3002 916 3057 erpa
969 2971 1796 3046 mutantesscrutiniotl'sal..ux111l.Scriptumsstcnim,

92 3070 349 3141 disceptaverunt,
376 3074 604 3145 utinterp'cerent
625 3092 688 3132 eum
701 3075 792 3147 (loon.
807 3086 856 3147 rr).
871 3075 915 3130 si·
972 3070 1041 3144 quia
1068 3070 1256 3143 perscrutator
1282 3065 1435 3136 majestatis
1461 3063 1635 3136 ⁰llli'l'm‘lssi
1661 3077 1680 3115 ⁰
1705 3059 1798 3134 ulmi

93 3158 217 3216 lentium
233 3177 301 3234 ergo
323 3163 483 3219 sacerdotis
506 3163 662 3220 latibulum
684 3164 792 3221 Christi
807 3165 913 3238 signat.
930 3136 952 3206 c
971 3162 1064 3234 (Prae.
1079 3158 1154 3218 xxv).
1166 3155 1240 3212 Nam
1256 3150 1306 3227 qui
1320 3153 1467 3218 dixerunt,
1482 3151 1568 3208 durus
1582 3159 1622 3209 est
1636 3149 1685 3206 bic
1698 3164 1797 3218 semaa,

410 3269 528 3327 CAPUT
548 3272 601 3329 gv·
911 3287 915 3295 -
970 3258 997 3307 ct
1010 3250 1072 3323 puis
1085 3249 1174 3319 potest
1194 3245 1276 3300 illum
1298 3242 1417 3299 audire?
1431 3242 1564 3299 abierunt
1585 3243 1671 3309 retro,
1694 3244 1721 3298 et
1740 3241 1798 3313 jam

95 3356 134 3413 uc
157 3357 303 3414 ablutione
325 3375 460 3416 manuum
484 3364 632 3434 antequam
658 3360 828 3435 sacmficium
851 3364 916 3436 offe·
971 3355 1026 3396 '¹⁰²³
1042 3335 1297 3393 “mmmmm
1312 3332 1420 3388 C'm'iw
1435 3332 1527 3393 (ν’θαπ·
1543 3329 1593 3403 rr).

462 3436 553 3489 ratur.
1274 3447 1389 3506 CAPUT
1407 3446 1492 3503 LVll.

131 3520 298 3575 Notandum
327 3537 405 3592 varo,
426 3522 504 3594 quod
531 3539 599 3579 cum
623 3524 759 3580 sacerdos
783 3523 916 3591 dixisset,
971 3546 1009 3602 0,
1024 3538 1476 3609 ⁰g10150„,0,2·„03„50‚0tquar0
1498 3533 1623 3592 ,mrum
1644 3533 1728 3590 maio
1742 3534 1799 3590 dr.

96 3609 226 3673 Oramus,
243 3625 301 3664 non
317 3610 415 3665 statim
431 3611 592 3667 orationem
609 3612 826 3686 subjungitssd
840 3616 919 3667 ante·
1007 3612 1144 3671 ‹mmducit
1159 3614 1184 3667 ct
1207 3610 1314 3667 reducit
1336 3611 1491 3680 incensum,
1505 3616 1531 3664 ct
1542 3622 1629 3680 quare
1643 3610 1733 3663 mlum
1744 3620 1797 3661 uc·

20 3758 22 3767 ,
95 3698 236 3769 quemad
254 3696 346 3753 altars
361 3700 509 3770 procedat,
526 3716 633 3757 manus
651 3701 754 3771 abluit,
771 3705 918 3773 quatenus
1007 3687 1090 3759 ‘liii‘
1103 3686 1264 3740 ''mian‘'
1277 3682 1381 3737 auare·

95 3783 164 3843 totis
180 3785 318 3841 manibus
331 3785 508 3843 oblationem
518 3788 805 3862 accipiat‚incensum
818 3789 919 3846 offerat
1007 3796 1089 3850 Tunc
1110 3804 1234 3864 surgens
1258 3788 1394 3845 sacerdos
1419 3788 1454 3844 ad
1479 3785 1571 3843 altare
1593 3784 1739 3858 procedit,
1767 3787 1799 3840 ut

96 3877 126 3930 at
139 3873 300 3929 orationem
311 3874 603 3948 affundatscriptum
615 3883 660 3933 est
672 3880 749 3934 enim
765 3878 793 3932 in
805 3878 916 3935 Exodo:
973 3881 1128 3955 mysticam
1154 3877 1332 3934 oblationem
1358 3877 1483 3950 accipiat
1498 3893 1514 3932 a
1539 3873 1696 3931 ministris.
1723 3872 1796 3930 Illud

96 3962 189 4019 Facies
202 3965 227 4020 ct
240 3963 350 4020 labrum
368 3978 487 4034 aeaeum,
503 3981 641 4037 ponesque
654 3966 725 4022 illud
740 3965 770 4022 in
787 3966 919 4023 taberna·
972 3969 1130 4027 insinuans
1140 3965 1355 4041 quodlosnnes
1365 3964 1546 4038 evangelista
1556 3961 1798 4030 describittlesus,

94 4053 190 4109 cuium
211 4054 362 4110 testimonii
384 4053 420 4109 od
444 4055 545 4121 altare,
560 4064 586 4111 ct
600 4057 686 4112 mirso
699 4071 771 4130 aqua
790 4054 921 4112 lavabunt
974 4057 1083 4130 inquit,
1094 4060 1158 4112 acte
1172 4072 1221 4112 scu
1233 4055 1290 4111 dics
1304 4055 1416 4111 Porcia
1427 4055 1502 4110 omit
1513 4055 1542 4108 ia
1556 4050 1735 4115 bethaniam,
1752 4050 1800 4106 ubi

96 4142 127 4199 in
141 4158 175 4198 cc
191 4142 283 4199 laroc
298 4146 323 4199 ct
336 4143 390 4213 filii
400 4145 461 4216 ejas
475 4158 574 4200 manua
588 4161 653 4201 suas
667 4145 919 4218 eiusdemmodi
972 4148 1068 4223 [uerat
1083 4146 1204 4202 Lazarus
1229 4153 1365 4212 mortuus,
1382 4160 1461 4215 ouem
1485 4142 1630 4200 suscitavit
1647 4142 1737 4198 lasus.
1750 4141 1799 4197 Fe·

95 4231 250 4302 ingressuri
270 4235 334 4287 sunt
349 4233 563 4288 tabernaculum
587 4235 752 4302 testimonii,
767 4243 792 4290 et
807 4237 919 4308 maudo
972 4240 1069 4294 cerunt
1090 4239 1181 4292 nutam
1207 4242 1234 4290 et
1255 4250 1360 4290 mnam
1373 4232 1423 4301 iot,
1445 4235 1469 4289 et
1494 4230 1600 4288 llartlm
1620 4228 1801 4287 ministrabat

95 4318 234 4374 moecari
248 4323 312 4374 suot
327 4319 362 4376 ad
376 4323 467 4375 altare
480 4320 577 4393 (deod.
593 4327 668 4378 xxxi.
684 4321 756 4378 Cum
776 4338 845 4396 argo
857 4322 918 4391 iam
974 4322 1470 4400 [lacu.111).0blutionesuscept's‚
1485 4321 1584 4377 statim
1605 4318 1742 4375 adoletur
1756 4318 1802 4374 ia-

97 4423 204 4463 rusnus
220 4423 290 4464 suas
304 4407 424 4465 lavisset
438 4409 594 4481 episcopus
619 4411 808 4483 ingressurus
821 4413 918 4468 taber·
975 4431 1107 4480 censum,
1122 4430 1174 4487 per
1188 4414 1263 4484 quod
1278 4412 1351 4469 illud
1367 4410 1510 4480 innuitur,
1526 4409 1604 4483 quod
1630 4407 1733 4464 statim
1750 4423 1802 4481 par

96 4498 325 4560 naculumtunc
338 4497 443 4554 iterum
459 4515 565 4555 manus
581 4499 684 4571 abluit,
700 4516 767 4556 com
783 4517 918 4558 accessu·
936 4511 958 4577 1)
974 4501 1186 4575 evangelistam
1202 4501 1360 4573 subjicitur
1376 4518 1383 4556 :
1400 4499 1487 4555 llario
1501 4515 1564 4571 αναα
1577 4499 1683 4568 accepit
1698 4496 1801 4554 librum

95 4600 146 4642 rus
160 4590 205 4641 ast
229 4587 265 4643 ad
290 4585 392 4653 altare,
409 4593 441 4645 ut
463 4588 557 4661 magis
581 4588 734 4662 magisque
759 4591 918 4647 mundatos
972 4590 1308 4663 unpucntiuordtpistici
1322 4589 1476 4663 pretiosior
1490 4585 1759 4661 accersebatur,
1774 4594 1802 4642 el

95 4675 193 4732 aderat
209 4674 336 4732 hostiam
350 4675 789 4745 immaculatam,ssnctam,t)ca
802 4677 918 4752 placen·
973 4682 1069 4740 domus
1093 4681 1211 4753 impleto
1233 4691 1273 4738 cst
1285 4698 1320 4738 ec
1342 4681 1422 4738 odore
1446 4676 1695 4751 amoenitatem).
1718 4675 1801 4744 Quod

93 4766 153 4821 tem
168 4765 256 4832 (Ram.
272 4764 419 4831 ratbode
434 4766 601 4834 Psalmiata,
617 4784 684 4824 cum
700 4771 777 4824 esset
793 4769 919 4825 mundn-
973 4775 1072 4832 autam
1096 4771 1233 4828 sacerdos
1257 4769 1342 4828 tertio
1360 4768 1530 4843 superducit
1554 4772 1584 4825 et
1603 4764 1803 4824 circumducit

94 4857 154 4920 tus,
172 4853 285 4927 patebat
309 4854 438 4926 amplius
462 4856 627 4912 emundari.
655 4858 796 4930 Amplius,
811 4856 918 4930 inquil,
974 4860 1281 4933 incensumdesignnt
1295 4860 1371 4932 quod
1384 4859 1473 4914 Maria
1485 4863 1529 4914 ter
1538 4854 1671 4913 exhibuit
1680 4859 1710 4911 et
1720 4855 1805 4912 adhi-

96 4943 161 5000 icoc
171 4959 216 5001 mc
225 4944 259 5000 ab
269 4944 410 5012 iniustitia
423 4961 495 5016 mec,
511 4947 671 5004 clndelicto
685 4963 743 5004 mco
762 4949 866 5005 munda
877 4964 922 5005 me
975 4949 1040 5007 buit
1063 4955 1248 5023 unguentum
1274 4949 1351 5006 circa
1366 4964 1473 5019 corpus
1496 4947 1578 5003 iesu.
1599 4943 1710 5012 Primo,
1734 4960 1804 5001 cum

95 5034 185 5107 (Paci.
203 5043 238 5102 ι).
254 5035 396 5091 Sacerdos
411 5034 643 5106 igiturhostism
659 5034 825 5107 oblaturus,
836 5038 921 5094 debet
975 5039 1059 5095 unxit
1087 5041 1177 5110 pedes
1206 5037 1299 5110 ipsius
1328 5037 1358 5092 in
1386 5036 1474 5091 domo
1507 5034 1635 5092 Simonis
1664 5031 1805 5106 pharisaei

93 5121 408 5179 conscientiamlavare
419 5122 557 5196 lacrymis
567 5124 919 5197 poenitentim,secundum
975 5128 1054 5201 (Luc.
1069 5127 1132 5190 vu).
1148 5127 1293 5196 Secundo,
1310 5141 1378 5182 cum
1393 5125 1424 5181 in
1440 5124 1528 5181 doma
1542 5120 1670 5179 simonis
1692 5121 1807 5195 leprosi

93 5209 166 5266 iilud
185 5228 192 5267 :
209 5212 315 5269 locabo
331 5228 380 5283 per
393 5213 517 5282 sinpulca
531 5221 624 5271 noctes
649 5215 748 5270 lectum
764 5229 866 5283 mcum,
879 5214 921 5271 la·
976 5233 1066 5290 snper
1080 5220 1170 5289 caput
1194 5216 1259 5287 ejus
1275 5221 1456 5284 unguentum
1478 5212 1583 5270 euadit
1596 5211 1707 5284 (darm.
1724 5211 1806 5284 xrs),

93 5301 195 5372 crymis
210 5305 279 5359 meis
293 5306 412 5358 atratum
427 5317 519 5358 mcum
532 5303 629 5373 rigabo
643 5304 727 5373 (Paul.
743 5303 793 5378 vr).
806 5304 879 5362 Nam
894 5310 923 5363 et
975 5306 1140 5376 tertio‚cum
1151 5305 1224 5361 amit
1233 5309 1366 5361 aromata
1382 5309 1413 5359 ut
1422 5303 1542 5359 veniens
1554 5298 1806 5374 ungeretlesum,

92 5388 226 5447 Christus
238 5395 511 5464 antequamvarum
523 5400 553 5450 et
563 5391 683 5451 unicum
700 5393 880 5453 sacrificium
893 5396 922 5453 in
973 5396 1037 5467 jam
1053 5394 1184 5469 positum
1199 5393 1230 5449 in
1246 5392 1391 5467 sepulcro.
1403 5391 1548 5448 Voluntas
1559 5388 1637 5447 enim
1653 5404 1707 5462 pro
1722 5388 1803 5448 tacto

127 5571 184 5646 (35)
199 5571 237 5631 De
249 5584 366 5644 cosam,
381 5570 463 5649 dist,
478 5588 543 5632 can.
561 5573 586 5631 t.
