3796 5986
86 102 249 167 saubntias
259 105 360 234 pasus
376 120 452 178 ease,
470 105 629 180 omniaque
654 104 861 166 doctrinatium
883 102 1108 172 damnationum
1131 92 1327 184 decretaque
1340 107 1485 178 condidit,
1498 104 1711 166 meritissima.
1724 109 1762 183 tu

88 178 211 253 iusuper
225 195 258 237 ao
289 196 318 236 m
336 176 437 236 audire
451 179 552 250 debeo,
589 178 708 237 uoniam
722 178 870 252 ipsoaola,
881 196 933 237 seu
944 178 1111 239 dubitantis
1122 178 1213 240 animi
1226 182 1373 239 cruciatus
1383 179 1599 256 comprimens,
1615 196 1668 237 seu
1678 186 1763 243 errand

34 264 37 269 ·
87 249 199 327 ingenii
214 250 307 309 nubet
321 250 496 321 discutiens,
512 194 680 326 inteilaotus
694 250 752 308 mai
766 251 918 308 instabiles
934 255 1033 308 motus
1048 252 1152 310 sistere
1166 258 1275 326 potest,
1286 253 1311 311 si
1324 268 1410 310 omne
1425 254 1503 326 quod
1516 252 1702 309 credendum
1717 246 1764 327 dou¹

88 323 274 391 crediderim,
289 324 359 396 quia
372 339 459 381 omne
474 324 662 451 quadrarum
678 329 724 380 est
734 324 868 392 credam3
884 324 1007 397 ipsaque
1017 323 1080 380 sola
1095 341 1195 397 paoem
1210 324 1290 382 cordi
1301 340 1366 395 meo
1379 324 1546 393 iuiuudere,
1558 339 1683 379 omnem
1694 326 1751 381 scilia

87 397 124 453 ab
141 410 381 523 adobremorsuatao
391 395 481 452 stimu
496 395 740 469 ipossibilrtatem
752 394 923 463 amovendo,
935 395 960 451 si
971 411 1057 452 omne
1070 397 1149 470 quod
1161 397 1308 471 agendum
1318 398 1482 469 prescribit
1494 395 1624 472 egerim,
1636 395 1705 466 quia
1715 415 1745 453 on

129 483 146 523 o
199 482 235 522 ou
365 483 461 523 eam.
1369 506 1371 510 .

88 484 149 595 qudi
165 481 442 609 ind0i¹0¹0¹¹qssi1g{,2‚
459 554 515 594 non
531 537 609 595 inter
622 538 680 595 ista
693 542 829 596 versatur
841 554 906 610 quas
918 537 984 594 vitm
999 537 1162 611 mortisque
1176 540 1255 596 vices
1279 556 1330 612 per
1344 540 1507 604 recentiora
1522 541 1630 596 decem
1658 541 1689 591 et
1702 514 1767 607 nond

83 608 193 669 sarcula
208 611 383 677 subierunt;
398 613 514 667 econtra
527 611 617 666 tinum
628 610 737 667 animis
747 627 812 668 asse
824 611 911 667 debet
921 626 1007 667 omne
1018 611 1096 682 quod
1107 616 1189 670 extra
1198 610 1356 669 Ecclesiam
1367 612 1438 668 vivit
1448 612 1537 670 morti
1548 628 1618 668 esse
1630 610 1747 666 obnoxiu
1762 610 1766 619 ’

87 683 277 756 quantumvis
292 680 424 738 exteriori
439 681 576 738 sanitatis
590 684 687 754 specie
702 682 924 738 diuturnitatem
941 681 989 738 lon
1011 681 1215 755 aevitatemque
1230 683 1388 740 ominatur,

122 754 144 812 0
160 758 263 810 sancta
278 754 409 810 Romana
424 752 571 810 Ecclesia!
588 754 705 824 qualem
723 760 751 810 te
765 754 900 811 Christus
914 699 1066 825 stabifivit,
1083 753 1236 882 titulisque
1250 761 1279 812 et
1290 755 1494 839 prerogativis
1509 752 1698 835 honestavit,
1720 751 1750 806 ita

88 825 230 897 religiono
245 828 439 882 necessariam
456 832 483 881 te
498 826 645 898 proliteor,
661 831 695 881 ut
710 826 767 881 nisi
782 824 925 882 divinitus
938 830 1078 895 enatares,
1094 841 1179 883 orean
1204 845 1220 883 a
1235 827 1271 884 ab
1287 827 1458 883 hominibus
1472 830 1756 898 esses,sprr1tuumr

88 897 155 954 bem
172 897 290 980 regendi
303 903 332 953 ot
347 897 541 970 componendi
557 914 657 954 causa.
673 897 739 954 Tibi
753 915 787 954 ex
801 897 970 970 praecordiis
985 892 1208 969 inherendum
1225 905 1264 969 et,
1280 900 1403 973 eoquod
1420 899 1473 969 sis,
1489 898 1593 970 gratim
1609 897 1674 954 Deo
1691 896 1760 950 litant

88 975 410 1098 8ulitslanudies?itecotrlialdrrldi
424 1039 572 1097 licolssiai
589 1044 742 1123 quotquot,
758 1042 824 1112 post
846 1039 1008 1107 Christum,
1035 1040 1157 1113 edidisti,
1168 1041 1288 1100 oracula
1301 1043 1377 1127 typis
1393 1014 1540 1099 celebrare
1562 1040 1706 1119 jamjam¹
1718 1055 1746 1111 ge

88 1129 244 1240 sperqqtup,
261 1118 294 1169 ut
308 1113 441 1196 apprime
455 1115 558 1195 poscat
573 1113 653 1170 orbis
669 1128 826 1169 universus
844 1117 964 1185 quanta,
980 1111 1010 1167 iu
1026 1112 1106 1169 omni
1122 1114 1263 1186 temporo,
1280 1114 1434 1189 sapientia,
1449 1112 1601 1180 doctriua,
1619 1119 1754 1184 provideo

89 1200 161 1241 sano
176 1201 185 1239 1
201 1200 215 1240 o
231 1201 306 1256 equa
317 1200 490 1241 eminueus.

124 1255 146 1312 0
161 1262 263 1338 sancta
278 1257 410 1313 Romana
424 1253 569 1339 Ecclesia!
588 1255 612 1312 si
636 1258 665 1326 te
679 1254 766 1311 verbo
783 1254 912 1339 quolibet
925 1234 1057 1327 unquam
1074 1253 1178 1311 ludere
1193 1254 1330 1324 audeam,
1345 1256 1492 1313 adhereat
1507 1255 1616 1327 lingua
1635 1270 1706 1308 mea
1721 1253 1744 1308 ta
1759 1327 1765 1337 Γ

88 1328 144 1384 bus
159 1344 245 1395 mera,
261 1328 369 1412 quippe
384 1327 540 1384 matricida
557 1327 648 1395 torat;
667 1331 694 1383 et
710 1327 735 1383 si
749 1328 821 1399 quod
838 1327 1024 1384 adversante
1039 1327 1158 1383 dextera
1174 1342 1241 1385 mea
1255 1329 1402 1387 delineare
1417 1327 1535 1394 audeat,
1551 1330 1679 1382 arescat
1694 1331 1722 1381 et
1736 1325 1767 1380 ot

8 1466 11 1473 ¹
88 1398 166 1456 viooi
181 1400 278 1468 detur,
296 1416 405 1472 quippo
419 1398 574 1455 matricida
590 1399 674 1454 toret.
740 1414 746 1423 ·

124 1470 146 1525 Ο
161 1478 262 1528 sancta
277 1472 410 1529 Romana
424 1469 574 1528 Ecclesiai
591 1469 824 1542 quotiescunque
837 1466 949 1542 aliquid
960 1468 997 1526 de
1007 1473 1035 1527 te
1051 1464 1180 1526 iadstum
1192 1468 1291 1539 audio,
1303 1485 1408 1542 nempe
1419 1470 1563 1542 populum
1579 1467 1768 1540 quemdomq·

89 1543 210 1599 sedebat
224 1543 253 1599 in
270 1543 377 1600 umbra
401 1541 505 1599 mortis
519 1542 554 1598 ad
582 1541 681 1598 lumen
699 1546 782 1598 tuum
805 1540 975 1611 accessisse,
991 1542 1035 1599 val
1051 1542 1150 1614 magni
1167 1542 1294 1599 nominis
1306 1547 1488 1614 peccatorem
1504 1543 1534 1598 in
1561 1541 1699 1613 gratiam
1715 1545 1752 1594 ter

90 1613 224 1681 rediisse,
240 1614 284 1671 vol
300 1617 473 1687 scriptorem
490 1613 647 1687 quemdam
664 1613 788 1686 impium
814 1612 920 1670 iisdem
936 1612 1045 1685 quibus
1061 1621 1148 1670 antea
1159 1618 1188 1670 te
1201 1613 1388 1670 lacessiverat
1403 1615 1505 1684 armis,
1521 1612 1665 1669 amicum
1692 1628 1758 1665 nune

90 1686 239 1757 adjuvare,
257 1693 328 1743 tuno
343 1685 544 1743 dilataturcor
558 1702 656 1742 meum
673 1702 706 1742 ac
721 1684 828 1758 gaudio
844 1686 1076 1757 superabundat.
1088 1686 1223 1756 Econtra,
1235 1686 1260 1742 ai
1272 1685 1339 1757 quis
1352 1691 1379 1741 te
1395 1684 1554 1743 calumniis
1566 1690 1622 1739 aut
1635 1684 1734 1738 facino

90 1774 107 1814 o
147 1756 229 1815 ribus
244 1759 414 1826 insectatur,
432 1758 455 1813 si
473 1758 539 1830 quia
551 1761 579 1815 te
594 1756 713 1825 descrit,
725 1759 870 1813 immenso
885 1756 1117 1830 doloreaifligor,
1133 1757 1183 1813 sed
1200 1762 1229 1813 ts
1244 1773 1276 1813 so
1291 1757 1395 1828 majori
1405 1756 1595 1814 veneratione
1606 1771 1709 1827 eoque
1720 1772 1744 1808 m
1767 1755 1770 1763 '

91 1830 109 1885 ii
123 1829 173 1884 iali
184 1847 283 1888 amoro
298 1846 461 1903 prosequor
472 1847 530 1903 quo
541 1835 568 1886 tc
579 1829 712 1885 saeviores
725 1833 867 1902 appetunt
877 1828 1003 1900 injurie,
1012 1833 1064 1885 aut
1073 1826 1257 1885 molestiores
1268 1828 1418 1910 attingunt
1430 1828 1634 1901 proditionem
1648 1844 1686 1883 oo
1697 1842 1743 1880 arc
1753 1826 1758 1835 '
1770 1899 1773 1905 1

92 1901 210 1958 viuculo
222 1902 275 1958 tibi
291 1902 435 1969 adhaereo,
449 1918 506 1972 quo
519 1900 695 1958 insolentius
706 1905 758 1957 tua
772 1905 900 1974 potestas
911 1901 1123 1968 contemnitur;
1136 1900 1317 1975 quiaspratas
1326 1900 1479 1974 dignitatis
1490 1899 1693 1966 sublimitati,
1706 1900 1778 1953 aaran

92 1973 194 2045 magni
211 1975 301 2030 decus
316 1973 482 2042 infortunii,
499 1989 640 2045 sacraque
657 1972 800 2027 nobilium
817 1973 845 2026 in
857 1976 885 2028 te
895 1989 1002 2029 corona
1018 1988 1228 2029 erumnarum.
1240 1971 1343 2045 Plagae
1358 1976 1426 2028 tuas
1438 1971 1547 2028 osculis
1560 1969 1672 2042 operio
1687 1976 1715 2024 at
1725 1969 1778 2049 latq·

93 2043 152 2101 mis
167 2044 267 2117 irrigo,
282 2062 316 2100 ex
330 2044 450 2116 illisque
459 2060 557 2116 spero,
573 2045 649 2099 sicut
659 2045 729 2098 otim
744 2059 873 2100 eoruore
883 2049 1057 2117 martyrum,
1069 2059 1203 2114 emergas
1214 2044 1354 2118 patientia
1364 2043 1515 2116 gloriaque
1525 2043 1727 2099 eminentior.
1738 2042 1778 2105 Oui

92 2115 146 2172 tibi
163 2116 389 2187 persecutiones,
406 2116 476 2189 quid
494 2116 685 2187 proditiones,
696 2114 766 2187 quid
783 2114 947 2184 calumnie,
959 2116 1029 2187 quid
1040 2115 1206 2187 apostasia,
1220 2115 1276 2172 nisi
1288 2132 1385 2172 coram
1397 2117 1458 2173 solo
1469 2116 1586 2171 nabutae
1597 2115 1612 2169 ‘2
1624 2113 1778 2185 Aliquantis

96 2203 148 2260 per
164 2186 306 2259 fulgorem
331 2189 396 2258 ejus
420 2187 577 2243 obscurare
600 2187 756 2253 videntur;
771 2185 915 2243 intactum
939 2203 1006 2244 voro
1031 2188 1068 2244 ab
1082 2185 1129 2242 his
1152 2186 1385 2260 inviolatumque
1400 2187 1483 2243 sidus
1498 2186 1653 2259 procedit,
1671 2190 1778 2254 tanqum

93 2275 225 2387 pponsus
241 2275 263 2386 et
271 2259 413 2316 thalamo.
430 2261 462 2316 Io
478 2263 507 2386 tte
521 2257 622 2316 senilis
645 2257 922 2330 majestasjuvanili
938 2258 1035 2316 robori
1056 2259 1197 2328 sociatur,
1213 2258 1282 2332 quia
1305 2258 1481 2315 Fundatoris
1502 2257 1545 2314 tui
1562 2258 1602 2313 ad
1628 2256 1778 2326 exemplar

106 2345 373 2388 ormacmessem
397 2346 504 2387 arani
527 2347 640 2388 uusam
662 2347 694 2386 or
718 2345 852 2386 uenova.

132 2401 154 2458 0
171 2407 274 2459 sancta
289 2348 422 2460 nonnis
434 2347 564 2459 desiisti
577 2401 583 2457 Ι
596 2347 665 2474 quid
682 2346 719 2458 dqe
729 2406 758 2458 te
768 2401 892 2458 seutiam
904 2401 1016 2474 aperui,
1027 2401 1134 2458 intima
1145 2418 1211 2459 mea
1220 2401 1273 2458 tibi
1282 2405 1399 2475 patent;
1414 2400 1546 2474 gaudebo
1557 2403 1590 2455 et
1603 2398 1721 2456 suflicit
1732 2395 1778 2452 mii?

96 2473 134 2537 ai,
150 2473 287 2547 quamvis
302 2490 336 2531 en
352 2475 478 2546 meipso
494 2491 546 2530 nea
562 2474 703 2531 scientem
718 2489 772 2530 occ
788 2473 961 2546 sapientam,
976 2474 1007 2530 in
1023 2473 1137 2547 agendo
1157 2490 1204 2531 me
1219 2473 1436 2531 stimulaverint
1470 2489 1524 2528 ura
1538 2489 1648 2539 causa,
1677 2476 1708 2526 et
1723 2484 1778 2541 pura

96 2543 177 2611 linis,
192 2545 285 2630 gloria
302 2563 408 2620 nempe
424 2547 472 2602 Dei
489 2563 523 2603 ac
537 2545 667 2619 Virginis
681 2545 889 2615 immaculata,
903 2545 1005 2617 tuique
1020 2546 1143 2613 bonum,
1159 2550 1186 2602 ct
1202 2544 1272 2602 cleri
1288 2545 1422 2602 catholici
1459 2561 1538 2600 ecus.
1770 2610 1773 2618 ¹

132 2616 167 2672 ili
182 2634 224 2673 arc
239 2634 285 2675 ma
300 2619 418 2691 adjuvet
432 2622 508 2677 Deus
523 2616 658 2691 Optimus
674 2616 832 2688 Maximus,
843 2621 961 2674 tueatur
976 2617 1169 2675 immaculata
1183 2617 1266 2689 virgo
1281 2617 1384 2685 Maria,
1409 2621 1528 2701 aspectu
1545 2613 1661 2670 excitet
1676 2610 1778 2668 accisa

97 2693 272 2761 exoptetqua
283 2689 380 2749 clerus
395 2694 429 2747 ut
443 2689 517 2746 ulios
532 2704 634 2746 omnes
656 2693 764 2746 sancta
792 2688 930 2746 doctrinas
946 2706 1055 2761 ramos,
1080 2688 1256 2747 biblicorum
1272 2706 1305 2747 uc
1330 2688 1562 2762 theologicorum
1590 2685 1705 2754 instar,
1723 2698 1777 2753 mag

95 2773 129 2815 ac
145 2759 239 2834 magis
254 2762 350 2820 fausto
364 2762 531 2820 indefessus
548 2761 697 2820 excolaml
781 2775 784 2780 ·

1305 2996 1416 3054 t’aubo
1431 2996 1537 3054 Minus.

765 5588 778 5599 ν

319 5630 794 5647 ···.-ι-ι--σ------ν·-,“·“
1592 5620 1697 5630 ·-···-·
1712 5624 1778 5633 ——..

638 5554 1589 5800 rripgnqggmnrnmnf‘*
