3796 5986
88 302 148 361 473
692 300 815 356 suasio
833 298 882 364 Vl,
901 297 1030 354 DOMINI
1050 296 1201 355 uictam.
1754 301 1806 359 474

91 430 144 504 qni
159 428 592 497 dormierant,rssurrexarunt‚
608 429 636 482 at
651 425 836 487 venerantia
852 440 920 480 san·
935 426 964 492 Α
977 427 1143 496 plurarem.
1169 423 1235 480 lisso
1266 423 1403 483 similitor
1430 426 1486 483 sub
1510 443 1542 484 sc
1565 427 1697 484 eontinet
1718 428 1808 487 boras

94 526 174 576 ctam
204 518 365 589 civitatem,
395 522 425 572 ei
452 521 654 589 apparuerunt
683 515 784 571 inultis
820 514 923 586 (notri.
980 514 1183 569 duaszunem
1201 515 1317 585 qnando
1333 515 1489 589 discipulis
1504 517 1576 573 dixit
1590 517 1620 572 in
1643 518 1690 574 via
1713 535 1721 575 ε
1745 518 1806 576 «0

42 652 44 663 .
97 610 372 680 xxvii).»ilteram
388 608 506 679 quando
522 627 537 657 u
553 610 749 662 terremotus
765 605 858 660 iaetus
880 608 926 661 est
980 602 1805 680 stultiottardicordoadcredenduminemnibusqua

42 696 45 723 ¹
99 715 237 771 magnus.
253 696 383 769 Angelus
398 696 476 751 enim
492 695 609 751 Domini
626 694 776 750 descendit
790 695 826 750 de
841 692 924 762 cralo,
978 691 1068 747 locuti
1097 695 1167 748 sunt
1191 691 1355 765 propbeta!
1383 712 1480 751 nonne
1503 695 1564 751 bec
1593 695 1722 767 oportuit
1744 697 1805 769 pati

101 792 123 845 et
138 788 286 843 accedens
302 784 423 842 revolvit
438 784 577 857 lapidem,
594 789 621 839 et
637 784 713 840 sedit
728 800 816 854 super
838 799 904 838 eum
914 800 924 846 ,·
978 782 1138 849 Christum,
1155 783 1237 838 etita
1253 783 1362 839 intrare
1377 784 1544 856 ingloriam
1561 785 1669 842 suam?
1685 786 1718 842 llt
1732 786 1806 842 inei·

98 894 153 950 prae
171 876 280 931 timore
296 879 394 929 antem
412 873 478 945 ejus
494 872 623 929 exterriti
639 876 710 928 sunt
724 872 872 934 custodes.
898 874 927 926 et
980 871 1064 945 piens
1080 875 1205 945 etioyse
1220 878 1247 929 et
1258 874 1397 930 omnibus
1413 875 1564 948 prophetis
1589 878 1726 948 exposuit
1748 874 1807 932 illis

98 966 161 1023 non
189 969 262 1021 sunt
286 962 365 1019 velut
389 961 497 1018 mortui
522 962 626 1033 (lioiit.
651 961 762 1031 xxvnr).
788 983 802 1010 »
830 960 924 1015 Aliam
979 963 1145 1034 Scripturas
1160 977 1224 1033 que
1239 963 1275 1018 dc
1290 963 1354 1036 ipso
1369 970 1451 1020 erant
1465 966 1639 1039 (Luc.xx1r).
1652 988 1667 1016 n
1678 964 1807 1023 Alteram

98 1055 214 1129 qnando
241 1053 275 1108 ad
301 1053 422 1108 verbum
448 1050 563 1106 bomini
580 1048 716 1123 discipuli
733 1049 923 1105 miserantia
979 1050 1807 1127 quandodixtiaposioitsailaeosuntvarbaqueiocatus

97 1147 232 1202 dextrum
248 1141 357 1215 navigii
383 1144 456 1198 rate.
480 1142 552 1197 Cum
579 1141 615 1196 ad
639 1138 801 1212 discipulos
824 1139 925 1210 januis
980 1140 1808 1216 sumadvoscumadhucessemvobiscum‚qaisneoasse

99 1233 207 1292 clausis
231 1230 362 1300 intravit,
386 1235 415 1286 et
437 1229 545 1301 bajulis
565 1228 696 1286 aubibus
711 1230 739 1284 in
756 1228 861 1285 eoelum
879 1245 924 1285 as·
980 1234 1024 1287 est
1036 1229 1150 1301 impleri
1162 1228 1262 1287 omnia
1273 1247 1335 1304 quae
1346 1230 1535 1305 scriptesunt
1550 1234 1579 1289 iu
1591 1232 1654 1306 lege
1669 1234 1760 1307 Moysi
1776 1238 1806 1292 at

98 1324 196 1380 cendit
211 1322 341 1394 prolecto
357 1319 520 1392 ingressus,
537 1323 566 1375 et
587 1334 729 1375 ascensus
752 1318 842 1389 hujus
867 1335 925 1375 non
980 1318 1329 1393 prophetisdeme.'lnne
1343 1321 1458 1393 aperuit
1469 1321 1530 1378 illis
1541 1338 1661 1379 sensum
1675 1323 1804 1381 utintel-

98 1418 154 1470 tem
172 1409 322 1468 mirabilis
336 1425 426 1483 quam
451 1407 593 1464 naturalis
615 1407 645 1462 in
671 1423 791 1481 corporo
815 1407 925 1481 glorifi·
979 1408 1103 1479 ligarent
1118 1408 1291 1483 scripturas,
1307 1412 1336 1465 et
1349 1409 1423 1466 dixit
1437 1410 1479 1468 eis
1496 1429 1503 1469 :
1518 1412 1664 1477 Quoniam
1676 1411 1719 1469 sio
1734 1412 1804 1469 sori·

98 1510 159 1561 rato
175 1503 293 1559 videtur
306 1500 398 1557 luisse
413 1503 530 1572 propter
544 1498 740 1555 subtilitatem
760 1508 788 1555 ct
812 1497 926 1570 agilita·
980 1503 1064 1571 ptum
1080 1502 1141 1568 est;
1158 1503 1187 1555 et
1202 1501 1244 1555 eic
1258 1500 1412 1572 oportebat
1434 1500 1584 1558 Christum
1612 1500 1683 1575 pati,
1707 1506 1738 1560 et
1758 1517 1807 1560 ra·

97 1598 166 1660 iem,
183 1607 260 1664 quas
275 1606 381 1663 eorpus
398 1588 594 1661 glorilloatum
610 1588 785 1645 naturaiiter
799 1587 896 1644 babet.
981 1602 1099 1658 surgere
1114 1602 1131 1641 a
1145 1585 1269 1644 mortuis
1285 1586 1332 1643 dia
1349 1587 1433 1645 tertia
1451 1587 1554 1661 (ibid).
1573 1610 1588 1639 n

129 1680 216 1736 Nona
227 1677 301 1735 hors
312 1676 367 1732 luit
377 1675 575 1732 manifestatio
591 1675 816 1733 resurrectionis
831 1675 926 1732 Domi·
1015 1677 1087 1733 Ecce
1099 1677 1807 1754 dupliciterexposuimnsduodecimhorasbnjus

96 1770 164 1827 aies
182 1768 263 1825 lacta
278 1784 330 1840 per
351 1765 635 1821 demonstrationem
662 1765 827 1838 plagarum,
852 1782 925 1838 quas
980 1767 1080 1822 votive
1096 1783 1128 1822 ac
1145 1767 1251 1822 iestivae
1267 1766 1336 1835 diei,
1353 1771 1384 1822 ut
1397 1783 1432 1823 ex
1447 1767 1512 1824 istis
1528 1768 1608 1825 boris
1632 1767 1695 1827 dies
1718 1771 1805 1827 nctu-
1890 1770 1893 1777 '

97 1859 231 1916 Christus
245 1856 404 1914 reservavit
419 1855 448 1909 in
471 1871 591 1927 corpora
616 1854 802 1926 impassibili,
826 1860 854 1911 et
879 1871 926 1910 ens
981 1855 1050 1912 ralis
1066 1855 1217 1927 consistat,
1225 1855 1327 1928 viginti
1344 1861 1472 1928 quatuor
1485 1856 1598 1914 hebens
1612 1856 1806 1932 barasonem

97 1945 394 2019 ostenditdiseipulis
410 1948 440 2000 ut
453 1945 606 2001 crederent
622 1945 717 2016 ipsum
736 1945 869 2000 eumdem
881 1961 924 2000 re·
979 1947 1045 2016 [caii
1056 1947 1188 2003 Dominus
1199 1949 1230 2001 ut
1240 1946 1410 2002 exsatiemus
1419 1949 1444 2003 ei
1457 1948 1585 2005 letemur
1597 1949 1625 2004 in
1641 1965 1683 2005 en.
1702 1948 1807 2006 Exsul·

97 2039 277 2095 suscitatum
293 2052 308 2091 a
326 2038 428 2105 morte,
446 2050 533 2105 quern
556 2038 695 2090 noverant
719 2033 869 2108 plagatum
895 2035 924 2090 in
980 2039 1078 2093 temus
1094 2034 1121 2090 in
1139 2036 1237 2104 corde,
1253 2036 1434 2092 salutemur
1449 2037 1478 2093 in
1494 2052 1625 2111 corpora,
1641 2039 1804 2097 seeundum

94 2144 192 2187 cruce.
208 2130 276 2200 lpse
288 2142 356 2181 vero
369 2125 424 2180 aab
442 2140 473 2180 se
487 2124 618 2180 continet
632 2124 706 2178 duas
722 2122 818 2193 boras;
835 2139 923 2179 unam
981 2126 1058 2199 quod
1072 2125 1179 2197 legitur
1195 2141 1201 2181 :
1218 2149 1231 2176 «
1248 2129 1415 2182 cormeum
1432 2130 1460 2183 et
1475 2144 1542 2183 earo
1558 2144 1623 2184 mea
1639 2128 1806 2187 exsultave-

94 2218 216 2292 qnsndo
232 2217 306 2273 dixit
320 2214 461 2288 apostolis
478 2232 485 2269 ι
507 2235 520 2267 ι
537 2213 637 2270 Videte
653 2231 760 2271 manus
784 2221 812 2270 et
837 2215 926 2288 pedes
980 2219 1049 2271 runt
1064 2214 1093 2270 in
1107 2215 1198 2271 Deum
1215 2214 1312 2272 vivum
1328 2215 1417 2286 (Prot.
1434 2216 1561 2288 axxxnr).
1578 2237 1592 2266 n
1609 2216 1743 2274 Exsultat
1757 2235 1808 2276 eor

95 2325 191 2377 meos,
208 2307 276 2379 quia
292 2304 356 2378 ipse
371 2321 455 2373 sum;
474 2303 588 2376 palpate
604 2307 632 2359 et
655 2303 761 2370 videte,
785 2305 924 2377 quonism
981 2306 1099 2378 quando
1114 2304 1264 2376 cognoscit
1280 2322 1310 2361 se
1326 2322 1342 2361 a
1358 2305 1455 2377 pravis
1476 2305 1706 2379 cogitationibus
1730 2306 1804 2366 liba·

94 2397 222 2471 spiritus
238 2412 355 2452 earnem
373 2399 401 2450 et
416 2411 484 2449 ossa
501 2410 558 2449 non
575 2393 750 2450 habetsicut
762 2409 806 2449 me
820 2394 925 2450 videtis
981 2400 1097 2463 rutum;
1114 2394 1229 2450 laetatur
1242 2411 1360 2467 corpus,
1376 2395 1493 2467 quando
1517 2395 1608 2451 sentit
1633 2413 1665 2453 sc
1688 2397 1724 2453 ab
1748 2397 1805 2455 im-

94 2488 215 2545 hsbere.
244 2487 278 2542 Et
303 2502 368 2541 earn
393 2484 525 2551 dixisset,
550 2483 678 2539 ostendit
702 2485 744 2539 eis
768 2500 874 2539 manus
898 2487 927 2539 et
982 2485 1100 2540 mundis
1116 2484 1429 2556 operibusexpiatum.
1447 2483 1509 2541 Non
1536 2484 1614 2541 enim
1635 2489 1681 2541 est
1704 2484 1807 2561 impiis

94 2577 176 2634 latus
190 2580 219 2633 et
234 2576 325 2649 pedes
339 2576 414 2647 (Luc.
430 2576 518 2642 xxiv).
536 2595 550 2622 n
565 2572 693 2628 Alteram
710 2574 828 2643 quando
853 2573 927 2630 dixit
981 2574 1118 2646 gaudere,
1145 2572 1214 2628 dicit
1240 2572 1384 2628 Dominus
1412 2573 1474 2645 (iso.
1499 2573 1609 2647 savin),
1635 2597 1646 2624 ι
1678 2592 1731 2632 neo
1758 2568 1805 2637 est'

93 2665 218 2723 Thomae
231 2681 238 2721 :
251 2688 264 2715 a
276 2665 354 2721 lnier
369 2662 494 2735 digitum
511 2666 595 2717 tuum
612 2661 681 2731 bne,
696 2667 723 2717 et
738 2662 804 2719 vide
819 2678 926 2719 manus
980 2680 1035 2735 pax
1056 2663 1174 2719 ossibus
1199 2679 1215 2718 a
1240 2663 1312 2718 iacis
1337 2667 1522 2735 peecatorum
1549 2663 1636 2735 (Psoi.
1651 2664 1771 2739 xxxvn).
1790 2688 1804 2717 a

95 2772 191 2825 mma,
200 2759 229 2811 et
239 2754 310 2812 aller
322 2769 443 2809 manum
454 2756 534 2807 tuam
545 2756 573 2806 et
584 2751 706 2806 mittein
721 2751 799 2807 latus
816 2769 924 2824 meum,
981 2753 1014 2808 Ei
1030 2752 1094 2809 ideo
1109 2752 1132 2808 si
1149 2752 1227 2809 diem
1246 2751 1402 2808 ltomiuiee
1416 2752 1736 2825 resurrectionisdignc
1751 2771 1804 2812 ou·
1830 2806 1835 2819 ,

93 2848 124 2902 ei
141 2845 204 2901 noli
219 2860 284 2901 essa
299 2841 468 2899 incredulas
484 2841 534 2898 sed
551 2840 646 2897 tidelis
660 2842 754 2912 (ioan.
767 2841 826 2911 xx).
843 2865 858 2893 a

133 2933 297 2991 Undecima
311 2933 382 2990 hora
398 2931 488 3003 hujus
501 2928 558 2986 diei
575 2930 630 2986 luit
654 2931 854 2987 manifestatio
878 2948 924 2989 re·
980 2938 1093 3003 mus,ut
1104 2931 1264 2989 salubriter
1278 2933 1444 2989 extortiones
1457 2937 1482 2990 et
1498 2934 1626 2991 laetcsnur
1640 2932 1670 2989 is
1683 2950 1726 3005 co;
1739 2934 1804 3008 ipso

94 3023 296 3081 surrectionis
312 3022 468 3080 {lominica
484 3021 561 3077 iacta
570 3035 622 3092 per
631 3021 842 3095 expositionem
853 3024 926 3078 Scri·
980 3026 1148 3095 prestante,
1165 3022 1216 3095 qui
1230 3039 1296 3079 cnm
1314 3022 1407 3092 Patra,
1424 3026 1480 3080 ete.

845 3390 983 3459 SERMO
1006 3392 1046 3458 vi

787 3560 1019 3619 noanneane
1039 3561 1105 3632 (aa).

128 3924 189 3978 lino
202 3920 327 3978 homines
338 3920 521 3977 esurierunt
538 3923 568 3977 in
583 3922 715 3994 tempium
743 3929 772 3978 ui
794 3925 918 3989 orarent,
935 3919 957 3988 G
976 3919 1100 3976 Domino
1116 3920 1193 3991 quod
1210 3935 1267 3975 non
1284 3923 1328 3976 est
1342 3922 1452 3992 raptor,
1470 3920 1585 3977 adulter
1606 3923 1635 3977 et
1658 3920 1803 3993 injustus,
1874 3976 1881 3987 ,

89 4028 169 4067 unus
182 4011 343 4067 Pisarissos
357 4020 382 4066 et
397 4011 467 4066 alter
479 4011 643 4082 publicanus
658 4013 733 4083 (tue.
750 4011 842 4083 xviri).
978 4010 1023 4065 vel
1035 4010 1112 4083 quod
1129 4009 1175 4067 bis
1186 4010 1302 4082 jejunat
1316 4010 1346 4065 in
1361 4009 1499 4076 Sabbnio,
1515 4013 1544 4065 et
1558 4008 1687 4066 decimas
1703 4011 1754 4065 dat
1767 4010 1803 4065 de

128 4101 211 4157 Licet
226 4098 390 4156 phariseus
405 4099 434 4155 in
451 4099 594 4173 templum
611 4102 782 4157 ascenderet
803 4105 835 4156 ut
860 4116 924 4155 ore·
979 4098 1123 4154 universis
1139 4117 1202 4170 qnae
1217 4098 1358 4171 possidet,
1376 4099 1425 4154 scd
1443 4098 1511 4170 quie
1526 4097 1652 4170 superbe
1666 4114 1697 4153 se
1708 4098 1804 4170 jactat

91 4194 150 4260 rei,
168 4189 218 4245 sed
235 4188 452 4245 commendavit
467 4205 498 4245 se
513 4188 622 4261 ipsum,
640 4194 668 4245 et
684 4189 849 4262 proximum
876 4204 922 4244 ac·
979 4188 1054 4260 qnod
1071 4205 1126 4243 non
1142 4188 1179 4244 sit
1194 4189 1268 4244 sicat
1282 4189 1381 4244 centeri
1395 4187 1647 4253 taurinancium
1665 4202 1724 4259 qua
1738 4184 1803 4259 ipss

980 2841 1078 2915 pimus
1095 2843 1249 2913 celebrare,
1267 2843 1355 2899 corda
1369 2845 1397 2899 et
1411 2859 1532 2916 corpora
1555 2846 1654 2900 nostra
1678 2844 1804 2903 mondo·
1889 2900 1893 2907 .

90 4277 219 4335 eusavit.
237 4280 272 4333 Se
284 4294 351 4334 vero
367 4277 584 4334 commendavit
599 4278 634 4333 de
649 4279 755 4341 tribus,
778 4279 813 4333 de
833 4277 923 4347 justi·

90 4369 136 4424 tis
151 4365 304 4439 singulari,
316 4368 392 4423 unde
406 4383 411 4421 :
425 4368 482 4423 Non
497 4385 555 4423 sum
569 4367 641 4423 sicui
655 4368 749 4423 ceteri
763 4367 904 4423 lrorninurn
913 4384 924 4428 ,·

91 4458 130 4512 de
146 4456 328 4512 abstinentis
343 4456 497 4528 corporali,
514 4458 592 4514 unde
610 4459 725 4529 :tejano
742 4458 781 4513 in's
803 4459 831 4511 in
855 4456 923 4512 Sub-

91 4547 156 4603 beto
165 4566 176 4615 ,·
191 4545 228 4602 dc
243 4544 361 4603 cultura
374 4544 470 4618 legali,
486 4547 563 4602 unde
579 4563 585 4601 :
603 4547 727 4602 Decimus
741 4547 775 4601 do
798 4549 922 4601 omnium

91 4652 157 4709 pua!
168 4633 479 4708 possideolroximum
496 4639 593 4690 autem
609 4634 757 4691 accusarit
770 4634 804 4690 de
816 4634 921 4704 tribus,

92 4725 130 4781 de
145 4724 301 4793 adulterio,
318 4723 466 4795 injustitia
482 4728 510 4779 ei
534 4724 653 4796 rapina3
681 4725 771 4790 unde,
795 4740 861 4780 curn
887 4724 922 4780 de

91 4831 149 4872 sus
164 4813 420 4871 commendatione
434 4813 575 4870 dixisset:
588 4815 649 4869 Non
664 4830 726 4869 sum
742 4813 813 4870 sient
829 4814 923 4872 cereri

90 4903 238 4963 bominum
255 4920 261 4958 :
279 4907 412 4973 raptores,
437 4903 558 4960 adulteri
579 4908 604 4960 et
628 4903 737 4976 iniusti,
762 4903 860 4959 statim
886 4904 921 4959 de

90 4992 219 5066 proximi
232 4991 418 5049 accusatione
434 4992 597 5063 subjunxit,
610 4993 680 5048 sicui
695 4996 721 5048 ei
737 4991 783 5049 liic
795 4993 920 5065 pullico-

89 5100 147 5139 nus
162 5085 273 5155 raptor,
287 5081 403 5137 adulter
417 5082 613 5154 injustus.Sed
631 5099 711 5137 more
728 5082 846 5154 superbi
873 5099 921 5139 vo·

92 5172 158 5229 lens
175 5186 207 5227 se
221 5168 414 5243 singulariter
428 5175 456 5227 et
467 5175 636 5243 arroganter
651 5172 787 5243 praeferre
802 5170 919 5226 uuiver-

978 4277 1015 4332 sit
1032 4277 1224 4351 singulariter
1235 4277 1403 4349 justusper
1418 4275 1579 4331 Sabbatum
1596 4275 1675 4330 enirn
1691 4274 1801 4332 intelli·

977 4367 1057 4439 gitur
1068 4367 1251 4421 hebdomada
1257 4364 1801 4438 juxtaconsuetudinemllabraeorum,

977 4455 1047 4528 quis
1061 4455 1219 4511 Sabbatum
1236 4454 1426 4509 denominant
1439 4458 1558 4510 ceteros
1571 4453 1646 4526 dies,
1660 4459 1694 4510 ut
1704 4454 1800 4527 prima

976 4545 1104 4614 sabbati,
1118 4549 1143 4600 et
1161 4545 1202 4599 sir
1218 4542 1355 4613 reliquos,
1372 4548 1405 4599 ut
1419 4543 1602 4615 intelligatur
1616 4543 1664 4599 bis
1680 4545 1710 4600 in
1725 4544 1801 4601 Seb-

976 4636 1055 4705 bato,
1072 4635 1101 4690 id
1117 4639 1161 4692 est
1176 4635 1204 4689 in
1221 4634 1416 4691 hebdomada.

1011 4725 1073 4781 Non
1090 4724 1132 4781 sie
1147 4724 1292 4780 sentiebat
1309 4722 1531 4797 spostoiuaqm
1547 4722 1682 4781 dicebat:
1696 4722 1801 4781 «Nihil

976 4813 1049 4870 mihi
1067 4815 1203 4870 conscius
1219 4830 1295 4881 surn,
1312 4830 1369 4869 non
1386 4817 1484 4869 tamen
1501 4812 1531 4868 in
1547 4813 1603 4869 boo
1617 4811 1801 4885 justificatus

976 4920 1042 4961 sirm
1059 4904 1084 4975 (i
1099 4906 1166 4959 (or.
1184 4904 1232 4976 nr).
1262 4925 1275 4951 a
1301 4902 1373 4959 nam
1401 4904 1430 4959 ct
1454 4900 1615 4958 psalmista
1639 4903 1764 4957 testatur
1791 4916 1799 4956 t

976 5015 990 5044 u
1009 4992 1118 5049 itelioia
1133 4992 1200 5065 quis
1215 4991 1376 5064 intelligit?
1391 5012 1405 5043 n
1422 4992 1510 5059 (eset.
1530 4992 1623 5060 xvnr.)
1647 4990 1800 5060 Propterea
1893 5014 1897 5019 ·

975 5083 1148 5155 deprecator
1164 5099 1170 5138 :
1189 5105 1203 5132 u
1216 5083 1257 5135 ab
1269 5081 1392 5137 eccirltis
1403 5081 1476 5137 meis
1487 5080 1596 5136 munda
1608 5094 1665 5154 me,
1676 5078 1800 5135 llomine

974 5173 1067 5243 (iiiii.)
1083 5172 1240 5228 »Salomon
1258 5188 1374 5245 quoquo
1389 5168 1552 5234 ait:«0uis
1568 5172 1664 5239 potest
1678 5166 1774 5225 dicere
1790 5184 1798 5228 t

90 5261 143 5331 sis,
154 5259 300 5333 premisit
318 5277 324 5314 :
341 5260 400 5315 lion
414 5275 474 5314 sum
485 5262 556 5316 sicui
572 5261 667 5318 ceteri
681 5261 878 5328 iiominnnaac
893 5260 917 5316 si
974 5262 1115 5319 Mundum
1133 5266 1177 5317 est
1192 5278 1242 5318 cor
1258 5264 1402 5333 meamet
1416 5275 1509 5332 pnrns
1524 5273 1589 5313 aram
1608 5259 1774 5329 specealot
1784 5280 1799 5310 a

88 5350 202 5409 diceret
217 5364 225 5404 ε
241 5353 299 5421 ligo
316 5347 397 5404 solus
413 5366 478 5405 sum
492 5350 703 5421 justus,creteri
720 5356 788 5407 sunt
804 5349 918 5423 injusti.
975 5351 1134 5424 (Protaxx.)
1151 5351 1223 5407 Nam
1242 5375 1255 5402 a
1273 5351 1296 5407 ei
1314 5349 1475 5406 dixerimus
1491 5346 1629 5420 quoniam
1646 5351 1799 5420 peecatum

87 5444 156 5498 Non
182 5436 408 5512 reprehenditur
431 5438 595 5497 Pharisaeus
619 5440 696 5514 quod
724 5439 837 5513 gratias
860 5440 921 5513 egit

124 5618 185 5696 (14)
200 5616 243 5675 Ex
256 5615 325 5677 edit.
343 5619 422 5675 eard.
438 5617 508 5677 Mai.
584 5682 589 5693 Ι

974 5457 1033 5498 non
1049 5439 1263 5514 habemus,ipsi
1279 5456 1334 5497 nos
1350 5437 1569 5507 seducimus,ei
1583 5437 1689 5495 veritas
1701 5437 1731 5494 in
1746 5454 1799 5496 no·
