<?xml version="1.0" encoding="UTF-8"?>
<!DOCTYPE html PUBLIC "-//W3C//DTD XHTML 1.0 Transitional//EN"
    "http://www.w3.org/TR/xhtml1/DTD/xhtml1-transitional.dtd">
<html xmlns="http://www.w3.org/1999/xhtml" xml:lang="en" lang="en">
 <head>
  <title>
</title>
<meta http-equiv="Content-Type" content="text/html;charset=utf-8" />
  <meta name='ocr-system' content='tesseract 3.04.00' />
  <meta name='ocr-capabilities' content='ocr_page ocr_carea ocr_par ocr_line ocrx_word'/>
</head>
<body>
  <div class='ocr_page' id='page_1' title='image "./patrologiaecurs27unkngoog_0167.png"; bbox 0 0 3796 5986; ppageno 0'>
   <div class='ocr_carea' id='block_1_1' title="bbox 85 222 1796 306">
    <p class='ocr_par' dir='ltr' id='par_1_1' title="bbox 85 222 1796 306">
     <span class='ocr_line' id='line_1_1' title="bbox 85 222 1796 306; baseline 0.006 -10"><span class='ocrx_word' id='word_1_1' title='bbox 85 222 141 296; x_wconf 73' lang='grc' dir='ltr'><strong>ιιι</strong></span> <span class='ocrx_word' id='word_1_2' title='bbox 504 246 715 304; x_wconf 83' lang='lat' dir='ltr'><strong>ruuocauru</strong></span> <span class='ocrx_word' id='word_1_3' title='bbox 733 251 773 304; x_wconf 82' lang='lat'><strong>111</strong></span> <span class='ocrx_word' id='word_1_4' title='bbox 791 250 894 304; x_wconf 77' lang='lat' dir='ltr'><strong>rara</strong></span> <span class='ocrx_word' id='word_1_5' title='bbox 911 249 1105 306; x_wconf 84' lang='lat' dir='ltr'><strong>saauouas</strong></span> <span class='ocrx_word' id='word_1_6' title='bbox 1124 250 1169 303; x_wconf 82' lang='lat' dir='ltr'><strong>oo</strong></span> <span class='ocrx_word' id='word_1_7' title='bbox 1189 247 1369 304; x_wconf 77' lang='lat' dir='ltr'><strong>nnuman.</strong></span> <span class='ocrx_word' id='word_1_8' title='bbox 1739 238 1796 296; x_wconf 66' lang='lat'><strong>320</strong></span> 
     </span>
    </p>
   </div>
   <div class='ocr_carea' id='block_1_2' title="bbox 1 364 1805 4456">
    <p class='ocr_par' dir='ltr' id='par_1_2' title="bbox 1 364 1805 4456">
     <span class='ocr_line' id='line_1_2' title="bbox 86 364 1796 447; baseline 0.002 -26"><span class='ocrx_word' id='word_1_9' title='bbox 86 364 383 441; x_wconf 88' lang='lat' dir='ltr'><strong>miserioordiapaeis</strong></span> <span class='ocrx_word' id='word_1_10' title='bbox 406 370 549 428; x_wconf 88' lang='lat' dir='ltr'><strong>instruota</strong></span> <span class='ocrx_word' id='word_1_11' title='bbox 574 372 697 430; x_wconf 88' lang='lat' dir='ltr'><strong>oonsilio</strong></span> <span class='ocrx_word' id='word_1_12' title='bbox 721 372 819 429; x_wconf 88' lang='lat' dir='ltr'><strong>taliter</strong></span> <span class='ocrx_word' id='word_1_13' title='bbox 839 372 948 442; x_wconf 75' lang='lat' dir='ltr'><strong>alle-A</strong></span> <span class='ocrx_word' id='word_1_14' title='bbox 965 378 1065 447; x_wconf 86' lang='lat' dir='ltr'><strong>posset</strong></span> <span class='ocrx_word' id='word_1_15' title='bbox 1096 388 1180 445; x_wconf 86' lang='lat' dir='ltr'><strong>agere</strong></span> <span class='ocrx_word' id='word_1_16' title='bbox 1208 377 1311 430; x_wconf 85' lang='lat' dir='ltr'><strong>eontra</strong></span> <span class='ocrx_word' id='word_1_17' title='bbox 1337 368 1580 440; x_wconf 78' lang='lat' dir='ltr'><strong>misericordiam,</strong></span> <span class='ocrx_word' id='word_1_18' title='bbox 1611 383 1665 425; x_wconf 89' lang='lat' dir='ltr'><strong>nee</strong></span> <span class='ocrx_word' id='word_1_19' title='bbox 1693 372 1796 439; x_wconf 90' lang='lat' dir='ltr'><strong>posset</strong></span> 
     </span>
     <span class='ocr_line' id='line_1_3' title="bbox 87 452 1794 536; baseline 0.004 -27"><span class='ocrx_word' id='word_1_20' title='bbox 87 454 185 526; x_wconf 88' lang='lat' dir='ltr'><strong>gavit:</strong></span> <span class='ocrx_word' id='word_1_21' title='bbox 212 459 285 513; x_wconf 87' lang='lat' dir='ltr'><strong>cum</strong></span> <span class='ocrx_word' id='word_1_22' title='bbox 303 452 377 515; x_wconf 87' lang='lat' dir='ltr'><strong>Deus</strong></span> <span class='ocrx_word' id='word_1_23' title='bbox 392 477 513 517; x_wconf 81' lang='lat' dir='ltr'><strong>summa</strong></span> <span class='ocrx_word' id='word_1_24' title='bbox 525 461 664 518; x_wconf 85' lang='lat' dir='ltr'><strong>bonitatis</strong></span> <span class='ocrx_word' id='word_1_25' title='bbox 673 462 795 518; x_wconf 89' lang='lat' dir='ltr'><strong>arbitrio</strong></span> <span class='ocrx_word' id='word_1_26' title='bbox 813 463 912 519; x_wconf 79' lang='lat' dir='ltr'><strong>iecerit</strong></span> <span class='ocrx_word' id='word_1_27' title='bbox 964 480 1050 536; x_wconf 86' lang='lat' dir='ltr'><strong>agere</strong></span> <span class='ocrx_word' id='word_1_28' title='bbox 1064 468 1167 520; x_wconf 88' lang='lat' dir='ltr'><strong>eontra</strong></span> <span class='ocrx_word' id='word_1_29' title='bbox 1178 462 1336 534; x_wconf 80' lang='lat' dir='ltr'><strong>justitiam,</strong></span> <span class='ocrx_word' id='word_1_30' title='bbox 1353 461 1492 534; x_wconf 87' lang='lat' dir='ltr'><strong>quoniam</strong></span> <span class='ocrx_word' id='word_1_31' title='bbox 1508 482 1522 510; x_wconf 83' lang='lat' dir='ltr'><strong>a</strong></span> <span class='ocrx_word' id='word_1_32' title='bbox 1536 475 1638 516; x_wconf 87' lang='lat' dir='ltr'><strong>omnes</strong></span> <span class='ocrx_word' id='word_1_33' title='bbox 1654 458 1706 513; x_wconf 74' lang='lat' dir='ltr'><strong>viae</strong></span> <span class='ocrx_word' id='word_1_34' title='bbox 1735 458 1794 515; x_wconf 87' lang='lat' dir='ltr'><strong>Do·</strong></span> 
     </span>
     <span class='ocr_line' id='line_1_4' title="bbox 90 544 1795 622; baseline 0.002 -21"><span class='ocrx_word' id='word_1_35' title='bbox 90 544 237 602; x_wconf 88' lang='lat' dir='ltr'><strong>bominem</strong></span> <span class='ocrx_word' id='word_1_36' title='bbox 267 549 303 603; x_wconf 91' lang='lat' dir='ltr'><strong>ad</strong></span> <span class='ocrx_word' id='word_1_37' title='bbox 320 547 479 621; x_wconf 88' lang='lat' dir='ltr'><strong>imaginem</strong></span> <span class='ocrx_word' id='word_1_38' title='bbox 502 555 532 607; x_wconf 86' lang='lat' dir='ltr'><strong>et</strong></span> <span class='ocrx_word' id='word_1_39' title='bbox 568 551 793 608; x_wconf 85' lang='lat' dir='ltr'><strong>similitudinem</strong></span> <span class='ocrx_word' id='word_1_40' title='bbox 825 569 911 609; x_wconf 88' lang='lat' dir='ltr'><strong>suam</strong></span> <span class='ocrx_word' id='word_1_41' title='bbox 966 551 1256 621; x_wconf 84' lang='lat' dir='ltr'><strong>minimiaerioordia</strong></span> <span class='ocrx_word' id='word_1_42' title='bbox 1278 556 1308 609; x_wconf 93' lang='lat' dir='ltr'><strong>et</strong></span> <span class='ocrx_word' id='word_1_43' title='bbox 1329 551 1439 608; x_wconf 83' lang='lat' dir='ltr'><strong>veritas</strong></span> <span class='ocrx_word' id='word_1_44' title='bbox 1459 549 1546 622; x_wconf 84' lang='lat' dir='ltr'><strong>(Paul.</strong></span> <span class='ocrx_word' id='word_1_45' title='bbox 1570 549 1684 621; x_wconf 55' lang='lat' dir='ltr'><strong>mvl»</strong></span> <span class='ocrx_word' id='word_1_46' title='bbox 1715 548 1795 604; x_wconf 85' lang='lat' dir='ltr'><strong>unde</strong></span> 
     </span>
     <span class='ocr_line' id='line_1_5' title="bbox 59 632 1794 716; baseline 0.001 -27"><span class='ocrx_word' id='word_1_47' title='bbox 59 632 63 641; x_wconf 80' lang='grc'><strong><em>’</em></strong></span> <span class='ocrx_word' id='word_1_48' title='bbox 88 633 166 706; x_wconf 82' lang='lat' dir='ltr'><strong>(Gen.</strong></span> <span class='ocrx_word' id='word_1_49' title='bbox 181 634 214 708; x_wconf 82' lang='lat' dir='ltr'><strong>r),</strong></span> <span class='ocrx_word' id='word_1_50' title='bbox 230 635 386 709; x_wconf 86' lang='lat' dir='ltr'><strong>iudignum</strong></span> <span class='ocrx_word' id='word_1_51' title='bbox 396 643 483 708; x_wconf 83' lang='lat' dir='ltr'><strong>esset,</strong></span> <span class='ocrx_word' id='word_1_52' title='bbox 499 644 532 695; x_wconf 93' lang='lat' dir='ltr'><strong>ut</strong></span> <span class='ocrx_word' id='word_1_53' title='bbox 544 640 837 712; x_wconf 88' lang='lat' dir='ltr'><strong>tamdignaoreatura</strong></span> <span class='ocrx_word' id='word_1_54' title='bbox 851 646 913 698; x_wconf 89' lang='lat' dir='ltr'><strong>tota</strong></span> <span class='ocrx_word' id='word_1_55' title='bbox 966 642 1127 716; x_wconf 87' lang='lat' dir='ltr'><strong>propheta:</strong></span> <span class='ocrx_word' id='word_1_56' title='bbox 1143 638 1582 710; x_wconf 77' lang='lat' dir='ltr'><strong>«Miserioordiametjudirium</strong></span> <span class='ocrx_word' id='word_1_57' title='bbox 1594 636 1794 706; x_wconf 86' lang='lat' dir='ltr'><strong>cantabotibi,</strong></span> 
     </span>
     <span class='ocr_line' id='line_1_6' title="bbox 88 723 1797 804; baseline 0 -23"><span class='ocrx_word' id='word_1_58' title='bbox 88 723 205 796; x_wconf 84' lang='lat' dir='ltr'><strong>periret,</strong></span> <span class='ocrx_word' id='word_1_59' title='bbox 222 741 258 781; x_wconf 92' lang='lat' dir='ltr'><strong>ne</strong></span> <span class='ocrx_word' id='word_1_60' title='bbox 276 727 350 783; x_wconf 87' lang='lat' dir='ltr'><strong>Deua</strong></span> <span class='ocrx_word' id='word_1_61' title='bbox 367 744 420 784; x_wconf 87' lang='lat' dir='ltr'><strong>auo</strong></span> <span class='ocrx_word' id='word_1_62' title='bbox 436 729 619 786; x_wconf 76' lang='lat' dir='ltr'><strong>fraudaretur</strong></span> <span class='ocrx_word' id='word_1_63' title='bbox 647 731 797 804; x_wconf 87' lang='lat' dir='ltr'><strong>proposito</strong></span> <span class='ocrx_word' id='word_1_64' title='bbox 823 747 830 786; x_wconf 77' lang='grc' dir='ltr'><strong>ι</strong></span> <span class='ocrx_word' id='word_1_65' title='bbox 861 732 912 804; x_wconf 92' lang='lat' dir='ltr'><strong>qui</strong></span> <span class='ocrx_word' id='word_1_66' title='bbox 966 730 1089 788; x_wconf 87' lang='lat' dir='ltr'><strong>Domine</strong></span> <span class='ocrx_word' id='word_1_67' title='bbox 1106 729 1196 793; x_wconf 76' lang='lat' dir='ltr'><strong>(Paul.</strong></span> <span class='ocrx_word' id='word_1_68' title='bbox 1212 730 1250 803; x_wconf 86' lang='lat' dir='ltr'><strong>c).</strong></span> <span class='ocrx_word' id='word_1_69' title='bbox 1275 751 1290 781; x_wconf 78' lang='lat' dir='ltr'><strong>a</strong></span> <span class='ocrx_word' id='word_1_70' title='bbox 1316 729 1383 786; x_wconf 89' lang='lat' dir='ltr'><strong>Ideo</strong></span> <span class='ocrx_word' id='word_1_71' title='bbox 1407 728 1528 784; x_wconf 91' lang='lat' dir='ltr'><strong>modum</strong></span> <span class='ocrx_word' id='word_1_72' title='bbox 1559 726 1713 795; x_wconf 86' lang='lat' dir='ltr'><strong>invenerit,</strong></span> <span class='ocrx_word' id='word_1_73' title='bbox 1742 741 1797 798; x_wconf 85' lang='lat' dir='ltr'><strong>per</strong></span> 
     </span>
     <span class='ocr_line' id='line_1_7' title="bbox 91 814 1794 892; baseline 0 -24"><span class='ocrx_word' id='word_1_74' title='bbox 91 818 227 886; x_wconf 79' lang='lat' dir='ltr'><strong>proptera</strong></span> <span class='ocrx_word' id='word_1_75' title='bbox 249 814 318 872; x_wconf 82' lang='lat' dir='ltr'><strong>feeit</strong></span> <span class='ocrx_word' id='word_1_76' title='bbox 341 816 502 884; x_wconf 86' lang='lat' dir='ltr'><strong>hominem,</strong></span> <span class='ocrx_word' id='word_1_77' title='bbox 539 822 573 874; x_wconf 90' lang='lat' dir='ltr'><strong>ut</strong></span> <span class='ocrx_word' id='word_1_78' title='bbox 600 818 686 876; x_wconf 90' lang='lat' dir='ltr'><strong>illum</strong></span> <span class='ocrx_word' id='word_1_79' title='bbox 714 825 911 891; x_wconf 85' lang='lat' dir='ltr'><strong>eognosoeret,</strong></span> <span class='ocrx_word' id='word_1_80' title='bbox 967 835 1055 892; x_wconf 92' lang='lat' dir='ltr'><strong>quem</strong></span> <span class='ocrx_word' id='word_1_81' title='bbox 1071 820 1189 892; x_wconf 89' lang='lat' dir='ltr'><strong>utrique</strong></span> <span class='ocrx_word' id='word_1_82' title='bbox 1200 818 1391 886; x_wconf 85' lang='lat' dir='ltr'><strong>satislaoeret,</strong></span> <span class='ocrx_word' id='word_1_83' title='bbox 1406 821 1467 873; x_wconf 90' lang='lat' dir='ltr'><strong>tam</strong></span> <span class='ocrx_word' id='word_1_84' title='bbox 1477 815 1684 873; x_wconf 82' lang='lat' dir='ltr'><strong>misericordia</strong></span> <span class='ocrx_word' id='word_1_85' title='bbox 1701 829 1794 886; x_wconf 88' lang='lat' dir='ltr'><strong>quam</strong></span> 
     </span>
     <span class='ocr_line' id='line_1_8' title="bbox 91 902 1794 982; baseline -0.001 -23"><span class='ocrx_word' id='word_1_86' title='bbox 91 902 240 976; x_wconf 73' lang='lat' dir='ltr'><strong>cognitum</strong></span> <span class='ocrx_word' id='word_1_87' title='bbox 268 904 412 977; x_wconf 81' lang='lat' dir='ltr'><strong>diligeret,</strong></span> <span class='ocrx_word' id='word_1_88' title='bbox 433 911 462 963; x_wconf 87' lang='lat' dir='ltr'><strong>at</strong></span> <span class='ocrx_word' id='word_1_89' title='bbox 477 906 614 965; x_wconf 88' lang='lat' dir='ltr'><strong>dileetum</strong></span> <span class='ocrx_word' id='word_1_90' title='bbox 643 909 764 965; x_wconf 88' lang='lat' dir='ltr'><strong>haberet</strong></span> <span class='ocrx_word' id='word_1_91' title='bbox 779 926 787 965; x_wconf 79' lang='grc' dir='ltr'><strong>ι</strong></span> <span class='ocrx_word' id='word_1_92' title='bbox 812 909 913 982; x_wconf 85' lang='lat' dir='ltr'><strong>sieque</strong></span> <span class='ocrx_word' id='word_1_93' title='bbox 962 908 1095 981; x_wconf 79' lang='lat' dir='ltr'><strong>justitia.</strong></span> <span class='ocrx_word' id='word_1_94' title='bbox 1105 908 1253 964; x_wconf 79' lang='lat' dir='ltr'><strong>iudicavit</strong></span> <span class='ocrx_word' id='word_1_95' title='bbox 1266 907 1357 981; x_wconf 87' lang='lat' dir='ltr'><strong>igitur</strong></span> <span class='ocrx_word' id='word_1_96' title='bbox 1371 911 1405 964; x_wconf 90' lang='lat' dir='ltr'><strong>ut</strong></span> <span class='ocrx_word' id='word_1_97' title='bbox 1416 909 1581 963; x_wconf 77' lang='lat' dir='ltr'><strong>assumeret</strong></span> <span class='ocrx_word' id='word_1_98' title='bbox 1592 904 1622 960; x_wconf 90' lang='lat' dir='ltr'><strong>in</strong></span> <span class='ocrx_word' id='word_1_99' title='bbox 1634 919 1794 976; x_wconf 72' lang='lat' dir='ltr'><strong>septenam</strong></span> 
     </span>
     <span class='ocr_line' id='line_1_9' title="bbox 91 991 1794 1071; baseline 0 -24"><span class='ocrx_word' id='word_1_100' title='bbox 91 992 173 1049; x_wconf 78' lang='lat' dir='ltr'><strong>{leret</strong></span> <span class='ocrx_word' id='word_1_101' title='bbox 186 993 384 1050; x_wconf 79' lang='lat' dir='ltr'><strong>inestimabili</strong></span> <span class='ocrx_word' id='word_1_102' title='bbox 408 995 546 1054; x_wconf 80' lang='lat' dir='ltr'><strong>felicitate</strong></span> <span class='ocrx_word' id='word_1_103' title='bbox 568 998 680 1054; x_wconf 90' lang='lat' dir='ltr'><strong>beatus.</strong></span> <span class='ocrx_word' id='word_1_104' title='bbox 697 998 804 1071; x_wconf 90' lang='lat' dir='ltr'><strong>thuid</strong></span> <span class='ocrx_word' id='word_1_105' title='bbox 834 998 912 1055; x_wconf 88' lang='lat' dir='ltr'><strong>enim</strong></span> <span class='ocrx_word' id='word_1_106' title='bbox 967 1014 1020 1071; x_wconf 90' lang='lat' dir='ltr'><strong>pro</strong></span> <span class='ocrx_word' id='word_1_107' title='bbox 1034 997 1184 1069; x_wconf 87' lang='lat' dir='ltr'><strong>omnibus,</strong></span> <span class='ocrx_word' id='word_1_108' title='bbox 1198 1001 1228 1054; x_wconf 89' lang='lat' dir='ltr'><strong>et</strong></span> <span class='ocrx_word' id='word_1_109' title='bbox 1242 997 1364 1054; x_wconf 88' lang='lat' dir='ltr'><strong>donaret</strong></span> <span class='ocrx_word' id='word_1_110' title='bbox 1378 1012 1431 1069; x_wconf 87' lang='lat' dir='ltr'><strong>per</strong></span> <span class='ocrx_word' id='word_1_111' title='bbox 1445 1012 1476 1053; x_wconf 91' lang='lat' dir='ltr'><strong>se</strong></span> <span class='ocrx_word' id='word_1_112' title='bbox 1490 993 1616 1068; x_wconf 80' lang='lat' dir='ltr'><strong>gloriam</strong></span> <span class='ocrx_word' id='word_1_113' title='bbox 1636 991 1794 1048; x_wconf 86' lang='lat' dir='ltr'><strong>universis.</strong></span> 
     </span>
     <span class='ocr_line' id='line_1_10' title="bbox 90 1081 1796 1160; baseline -0.001 -22"><span class='ocrx_word' id='word_1_114' title='bbox 90 1081 190 1138; x_wconf 79' lang='lat' dir='ltr'><strong>leserit</strong></span> <span class='ocrx_word' id='word_1_115' title='bbox 219 1082 379 1150; x_wconf 86' lang='lat' dir='ltr'><strong>bominem,</strong></span> <span class='ocrx_word' id='word_1_116' title='bbox 400 1101 489 1157; x_wconf 90' lang='lat' dir='ltr'><strong>quem</strong></span> <span class='ocrx_word' id='word_1_117' title='bbox 504 1088 912 1160; x_wconf 85' lang='lat' dir='ltr'><strong>extotonoveratperiturum</strong></span> <span class='ocrx_word' id='word_1_118' title='bbox 967 1088 1007 1144; x_wconf 79' lang='lat' dir='ltr'><strong>Aa</strong></span> <span class='ocrx_word' id='word_1_119' title='bbox 1022 1103 1073 1158; x_wconf 89' lang='lat' dir='ltr'><strong>per</strong></span> <span class='ocrx_word' id='word_1_120' title='bbox 1092 1087 1182 1143; x_wconf 82' lang='lat' dir='ltr'><strong>haeo«</strong></span> <span class='ocrx_word' id='word_1_121' title='bbox 1202 1086 1321 1157; x_wconf 76' lang='lat' dir='ltr'><strong>iustitia</strong></span> <span class='ocrx_word' id='word_1_122' title='bbox 1349 1090 1378 1142; x_wconf 88' lang='lat' dir='ltr'><strong>et</strong></span> <span class='ocrx_word' id='word_1_123' title='bbox 1401 1102 1458 1159; x_wconf 86' lang='lat' dir='ltr'><strong>pax</strong></span> <span class='ocrx_word' id='word_1_124' title='bbox 1484 1082 1643 1156; x_wconf 82' lang='lat' dir='ltr'><strong>complexa</strong></span> <span class='ocrx_word' id='word_1_125' title='bbox 1672 1085 1741 1138; x_wconf 91' lang='lat' dir='ltr'><strong>sunt</strong></span> <span class='ocrx_word' id='word_1_126' title='bbox 1763 1097 1796 1137; x_wconf 91' lang='lat' dir='ltr'><strong>se</strong></span> 
     </span>
     <span class='ocr_line' id='line_1_11' title="bbox 14 1169 1799 1251; baseline 0 -26"><span class='ocrx_word' id='word_1_127' title='bbox 14 1237 20 1245; x_wconf 18' lang='grc' dir='ltr'>ἱ</span> <span class='ocrx_word' id='word_1_128' title='bbox 90 1169 172 1226; x_wconf 88' lang='lat' dir='ltr'><strong>nulla</strong></span> <span class='ocrx_word' id='word_1_129' title='bbox 186 1187 293 1244; x_wconf 89' lang='lat' dir='ltr'><strong>prosus</strong></span> <span class='ocrx_word' id='word_1_130' title='bbox 307 1173 431 1242; x_wconf 84' lang='lat' dir='ltr'><strong>utilitas,</strong></span> <span class='ocrx_word' id='word_1_131' title='bbox 447 1175 507 1232; x_wconf 91' lang='lat' dir='ltr'><strong>imo</strong></span> <span class='ocrx_word' id='word_1_132' title='bbox 521 1175 649 1233; x_wconf 88' lang='lat' dir='ltr'><strong>erudelis</strong></span> <span class='ocrx_word' id='word_1_133' title='bbox 665 1182 742 1234; x_wconf 87' lang='lat' dir='ltr'><strong>esset</strong></span> <span class='ocrx_word' id='word_1_134' title='bbox 764 1177 912 1251; x_wconf 88' lang='lat' dir='ltr'><strong>impietas.</strong></span> <span class='ocrx_word' id='word_1_135' title='bbox 967 1176 1053 1249; x_wconf 79' lang='lat' dir='ltr'><strong>(Paul.</strong></span> <span class='ocrx_word' id='word_1_136' title='bbox 1082 1173 1358 1246; x_wconf 81' lang='lat' dir='ltr'><strong>nxxxrv).»Nullus</strong></span> <span class='ocrx_word' id='word_1_137' title='bbox 1384 1173 1464 1231; x_wconf 88' lang='lat' dir='ltr'><strong>enim</strong></span> <span class='ocrx_word' id='word_1_138' title='bbox 1480 1171 1557 1230; x_wconf 84' lang='lat' dir='ltr'><strong>alius</strong></span> <span class='ocrx_word' id='word_1_139' title='bbox 1577 1171 1716 1228; x_wconf 88' lang='lat' dir='ltr'><strong>iuventus</strong></span> <span class='ocrx_word' id='word_1_140' title='bbox 1752 1174 1799 1226; x_wconf 90' lang='lat' dir='ltr'><strong>est</strong></span> 
     </span>
     <span class='ocr_line' id='line_1_12' title="bbox 13 1258 1803 1339; baseline -0.001 -24"><span class='ocrx_word' id='word_1_141' title='bbox 13 1331 14 1335; x_wconf 6' lang='grc' dir='ltr'><strong>Ἰ</strong></span> <span class='ocrx_word' id='word_1_142' title='bbox 89 1259 152 1316; x_wconf 84' lang='grc' dir='ltr'><strong>Νοιι</strong></span> <span class='ocrx_word' id='word_1_143' title='bbox 168 1260 259 1332; x_wconf 88' lang='lat' dir='ltr'><strong>igitur</strong></span> <span class='ocrx_word' id='word_1_144' title='bbox 273 1261 463 1320; x_wconf 82' lang='lat' dir='ltr'><strong>obliviscatur</strong></span> <span class='ocrx_word' id='word_1_145' title='bbox 478 1265 708 1335; x_wconf 85' lang='lat' dir='ltr'><strong>misererilleus,</strong></span> <span class='ocrx_word' id='word_1_146' title='bbox 719 1283 814 1339; x_wconf 88' lang='lat' dir='ltr'><strong>neque</strong></span> <span class='ocrx_word' id='word_1_147' title='bbox 824 1268 915 1325; x_wconf 88' lang='lat' dir='ltr'><strong>oonti·</strong></span> <span class='ocrx_word' id='word_1_148' title='bbox 967 1264 1333 1338; x_wconf 81' lang='lat' dir='ltr'><strong>diguusaperirejanuam</strong></span> <span class='ocrx_word' id='word_1_149' title='bbox 1349 1261 1487 1336; x_wconf 82' lang='lat' dir='ltr'><strong>paradisi,</strong></span> <span class='ocrx_word' id='word_1_150' title='bbox 1507 1260 1624 1318; x_wconf 84' lang='lat' dir='ltr'><strong>uieileo</strong></span> <span class='ocrx_word' id='word_1_151' title='bbox 1650 1260 1688 1316; x_wconf 90' lang='lat' dir='ltr'><strong>de</strong></span> <span class='ocrx_word' id='word_1_152' title='bbox 1717 1258 1803 1324; x_wconf 66' lang='lat' dir='ltr'><strong>tribu⁴</strong></span> 
     </span>
     <span class='ocr_line' id='line_1_13' title="bbox 90 1349 1797 1425; baseline 0 -22"><span class='ocrx_word' id='word_1_153' title='bbox 90 1353 159 1405; x_wconf 89' lang='lat' dir='ltr'><strong>neat</strong></span> <span class='ocrx_word' id='word_1_154' title='bbox 192 1349 223 1404; x_wconf 92' lang='lat' dir='ltr'><strong>in</strong></span> <span class='ocrx_word' id='word_1_155' title='bbox 251 1349 295 1406; x_wconf 90' lang='lat' dir='ltr'><strong>ira</strong></span> <span class='ocrx_word' id='word_1_156' title='bbox 323 1351 526 1411; x_wconf 87' lang='lat' dir='ltr'><strong>miserationes</strong></span> <span class='ocrx_word' id='word_1_157' title='bbox 556 1371 645 1411; x_wconf 87' lang='lat' dir='ltr'><strong>suas:</strong></span> <span class='ocrx_word' id='word_1_158' title='bbox 676 1356 728 1412; x_wconf 89' lang='lat' dir='ltr'><strong>sed</strong></span> <span class='ocrx_word' id='word_1_159' title='bbox 768 1355 864 1412; x_wconf 84' lang='lat' dir='ltr'><strong>adbuc</strong></span> <span class='ocrx_word' id='word_1_160' title='bbox 888 1356 914 1412; x_wconf 90' lang='lat' dir='ltr'><strong>ai</strong></span> <span class='ocrx_word' id='word_1_161' title='bbox 966 1350 1535 1425; x_wconf 70' lang='lat' dir='ltr'><strong>luda«quiolaudit,etuemoaperit;</strong></span> <span class='ocrx_word' id='word_1_162' title='bbox 1553 1349 1797 1422; x_wconf 85' lang='lat' dir='ltr'><strong>aperit,etnemo</strong></span> 
     </span>
     <span class='ocr_line' id='line_1_14' title="bbox 11 1435 1800 1515; baseline -0.002 -21"><span class='ocrx_word' id='word_1_163' title='bbox 11 1437 14 1442; x_wconf 82' lang='grc'><strong>’</strong></span> <span class='ocrx_word' id='word_1_164' title='bbox 91 1437 430 1511; x_wconf 85' lang='lat' dir='ltr'><strong>eomplaeeatmiaereri,</strong></span> <span class='ocrx_word' id='word_1_165' title='bbox 450 1441 475 1498; x_wconf 89' lang='lat' dir='ltr'><strong>si</strong></span> <span class='ocrx_word' id='word_1_166' title='bbox 500 1444 587 1514; x_wconf 86' lang='lat' dir='ltr'><strong>juxta</strong></span> <span class='ocrx_word' id='word_1_167' title='bbox 614 1444 816 1502; x_wconf 89' lang='lat' dir='ltr'><strong>testimonium</strong></span> <span class='ocrx_word' id='word_1_168' title='bbox 840 1444 915 1502; x_wconf 88' lang='lat' dir='ltr'><strong>Seri·</strong></span> <span class='ocrx_word' id='word_1_169' title='bbox 967 1439 1437 1515; x_wconf 80' lang='lat' dir='ltr'><strong>olaudit(Apoo.111).»Vixenim</strong></span> <span class='ocrx_word' id='word_1_170' title='bbox 1455 1439 1594 1511; x_wconf 85' lang='lat' dir='ltr'><strong>uniquam</strong></span> <span class='ocrx_word' id='word_1_171' title='bbox 1625 1436 1692 1494; x_wconf 84' lang='lat' dir='ltr'><strong>aliis</strong></span> <span class='ocrx_word' id='word_1_172' title='bbox 1713 1435 1800 1493; x_wconf 83' lang='lat' dir='ltr'><strong>suill-</strong></span> 
     </span>
     <span class='ocr_line' id='line_1_15' title="bbox 91 1523 1800 1605; baseline -0.001 -23"><span class='ocrx_word' id='word_1_173' title='bbox 91 1528 436 1600; x_wconf 90' lang='lat' dir='ltr'><strong>pturarumnihileorum</strong></span> <span class='ocrx_word' id='word_1_174' title='bbox 447 1533 599 1604; x_wconf 75' lang='lat' dir='ltr'><strong>qualebit,</strong></span> <span class='ocrx_word' id='word_1_175' title='bbox 611 1534 714 1605; x_wconf 90' lang='lat' dir='ltr'><strong>oderit,</strong></span> <span class='ocrx_word' id='word_1_176' title='bbox 726 1547 755 1591; x_wconf 86' lang='lat' dir='ltr'><strong>et</strong></span> <span class='ocrx_word' id='word_1_177' title='bbox 765 1534 914 1592; x_wconf 87' lang='lat' dir='ltr'><strong>neminem</strong></span> <span class='ocrx_word' id='word_1_178' title='bbox 968 1531 1064 1589; x_wconf 88' lang='lat' dir='ltr'><strong>olebat</strong></span> <span class='ocrx_word' id='word_1_179' title='bbox 1072 1531 1167 1602; x_wconf 87' lang='lat' dir='ltr'><strong>justia</strong></span> <span class='ocrx_word' id='word_1_180' title='bbox 1179 1530 1365 1600; x_wconf 87' lang='lat' dir='ltr'><strong>aua,nedum</strong></span> <span class='ocrx_word' id='word_1_181' title='bbox 1381 1528 1532 1585; x_wconf 85' lang='lat' dir='ltr'><strong>sultloeret</strong></span> <span class='ocrx_word' id='word_1_182' title='bbox 1547 1524 1713 1594; x_wconf 79' lang='lat' dir='ltr'><strong>universis3</strong></span> <span class='ocrx_word' id='word_1_183' title='bbox 1729 1523 1800 1597; x_wconf 90' lang='lat' dir='ltr'><strong>quia</strong></span> 
     </span>
     <span class='ocr_line' id='line_1_16' title="bbox 91 1614 1798 1695; baseline 0 -25"><span class='ocrx_word' id='word_1_184' title='bbox 91 1614 161 1673; x_wconf 87' lang='lat' dir='ltr'><strong>velit</strong></span> <span class='ocrx_word' id='word_1_185' title='bbox 176 1616 277 1689; x_wconf 86' lang='lat' dir='ltr'><strong>perire.</strong></span> <span class='ocrx_word' id='word_1_186' title='bbox 296 1618 407 1676; x_wconf 87' lang='lat' dir='ltr'><strong>Veritas</strong></span> <span class='ocrx_word' id='word_1_187' title='bbox 422 1625 520 1678; x_wconf 89' lang='lat' dir='ltr'><strong>autem</strong></span> <span class='ocrx_word' id='word_1_188' title='bbox 534 1622 656 1693; x_wconf 79' lang='lat' dir='ltr'><strong>iustitie</strong></span> <span class='ocrx_word' id='word_1_189' title='bbox 680 1623 752 1680; x_wconf 84' lang='lat' dir='ltr'><strong>irata</strong></span> <span class='ocrx_word' id='word_1_190' title='bbox 780 1624 914 1695; x_wconf 87' lang='lat' dir='ltr'><strong>oonsilio,</strong></span> <span class='ocrx_word' id='word_1_191' title='bbox 968 1638 1056 1679; x_wconf 88' lang='lat' dir='ltr'><strong>nemo</strong></span> <span class='ocrx_word' id='word_1_192' title='bbox 1072 1621 1135 1677; x_wconf 90' lang='lat' dir='ltr'><strong>sine</strong></span> <span class='ocrx_word' id='word_1_193' title='bbox 1147 1624 1286 1693; x_wconf 81' lang='lat' dir='ltr'><strong>peeeat03</strong></span> <span class='ocrx_word' id='word_1_194' title='bbox 1313 1618 1370 1675; x_wconf 89' lang='lat' dir='ltr'><strong>nisi</strong></span> <span class='ocrx_word' id='word_1_195' title='bbox 1383 1616 1464 1674; x_wconf 86' lang='lat' dir='ltr'><strong>solus</strong></span> <span class='ocrx_word' id='word_1_196' title='bbox 1479 1617 1569 1684; x_wconf 86' lang='lat' dir='ltr'><strong>Deus,</strong></span> <span class='ocrx_word' id='word_1_197' title='bbox 1584 1615 1700 1672; x_wconf 86' lang='lat' dir='ltr'><strong>dicento</strong></span> <span class='ocrx_word' id='word_1_198' title='bbox 1727 1619 1798 1670; x_wconf 87' lang='lat' dir='ltr'><strong>Pro-</strong></span> 
     </span>
     <span class='ocr_line' id='line_1_17' title="bbox 1 1699 1800 1785; baseline -0.001 -24"><span class='ocrx_word' id='word_1_199' title='bbox 1 1699 2 1707; x_wconf 73' lang='grc'>’</span> <span class='ocrx_word' id='word_1_200' title='bbox 90 1706 240 1776; x_wconf 89' lang='lat' dir='ltr'><strong>respondit</strong></span> <span class='ocrx_word' id='word_1_201' title='bbox 268 1706 322 1764; x_wconf 87' lang='lat' dir='ltr'><strong>boe</strong></span> <span class='ocrx_word' id='word_1_202' title='bbox 364 1710 558 1768; x_wconf 87' lang='lat' dir='ltr'><strong>modo:cum</strong></span> <span class='ocrx_word' id='word_1_203' title='bbox 589 1716 663 1769; x_wconf 85' lang='lat' dir='ltr'><strong>Deus</strong></span> <span class='ocrx_word' id='word_1_204' title='bbox 697 1712 916 1785; x_wconf 88' lang='lat' dir='ltr'><strong>ineulpabiliter</strong></span> <span class='ocrx_word' id='word_1_205' title='bbox 969 1711 1108 1784; x_wconf 86' lang='lat' dir='ltr'><strong>pheta;«</strong></span> <span class='ocrx_word' id='word_1_206' title='bbox 1131 1709 1194 1768; x_wconf 88' lang='lat' dir='ltr'><strong>Non</strong></span> <span class='ocrx_word' id='word_1_207' title='bbox 1224 1709 1315 1766; x_wconf 87' lang='lat' dir='ltr'><strong>intres</strong></span> <span class='ocrx_word' id='word_1_208' title='bbox 1326 1707 1356 1764; x_wconf 92' lang='lat' dir='ltr'><strong>in</strong></span> <span class='ocrx_word' id='word_1_209' title='bbox 1381 1706 1529 1778; x_wconf 80' lang='lat' dir='ltr'><strong>judicium</strong></span> <span class='ocrx_word' id='word_1_210' title='bbox 1544 1720 1612 1762; x_wconf 90' lang='lat' dir='ltr'><strong>oum</strong></span> <span class='ocrx_word' id='word_1_211' title='bbox 1627 1720 1711 1761; x_wconf 86' lang='lat' dir='ltr'><strong>servo</strong></span> <span class='ocrx_word' id='word_1_212' title='bbox 1734 1708 1800 1770; x_wconf 89' lang='lat' dir='ltr'><strong>tuo,</strong></span> 
     </span>
     <span class='ocr_line' id='line_1_18' title="bbox 90 1793 1800 1873; baseline -0.001 -24"><span class='ocrx_word' id='word_1_213' title='bbox 90 1793 358 1867; x_wconf 78' lang='lat' dir='ltr'><strong>equitatisjudieio</strong></span> <span class='ocrx_word' id='word_1_214' title='bbox 367 1802 645 1873; x_wconf 86' lang='lat' dir='ltr'><strong>proptorpeeoatum</strong></span> <span class='ocrx_word' id='word_1_215' title='bbox 660 1801 815 1858; x_wconf 89' lang='lat' dir='ltr'><strong>hominum</strong></span> <span class='ocrx_word' id='word_1_216' title='bbox 835 1801 915 1859; x_wconf 90' lang='lat' dir='ltr'><strong>olau·</strong></span> <span class='ocrx_word' id='word_1_217' title='bbox 970 1799 1104 1868; x_wconf 87' lang='lat' dir='ltr'><strong>Domine,</strong></span> <span class='ocrx_word' id='word_1_218' title='bbox 1120 1799 1189 1871; x_wconf 89' lang='lat' dir='ltr'><strong>quia</strong></span> <span class='ocrx_word' id='word_1_219' title='bbox 1203 1815 1262 1855; x_wconf 90' lang='lat' dir='ltr'><strong>uon</strong></span> <span class='ocrx_word' id='word_1_220' title='bbox 1274 1796 1486 1869; x_wconf 84' lang='lat' dir='ltr'><strong>justidoabitur</strong></span> <span class='ocrx_word' id='word_1_221' title='bbox 1502 1795 1531 1851; x_wconf 92' lang='lat' dir='ltr'><strong>in</strong></span> <span class='ocrx_word' id='word_1_222' title='bbox 1559 1797 1718 1865; x_wconf 83' lang='lat' dir='ltr'><strong>conspeetu</strong></span> <span class='ocrx_word' id='word_1_223' title='bbox 1747 1796 1800 1848; x_wconf 90' lang='lat' dir='ltr'><strong>tuo</strong></span> 
     </span>
     <span class='ocr_line' id='line_1_19' title="bbox 16 1881 1800 1964; baseline -0.001 -25"><span class='ocrx_word' id='word_1_224' title='bbox 16 1922 19 1936; x_wconf 84' lang='lat'><em>.</em></span> <span class='ocrx_word' id='word_1_225' title='bbox 92 1883 165 1939; x_wconf 90' lang='lat' dir='ltr'><strong>serit</strong></span> <span class='ocrx_word' id='word_1_226' title='bbox 183 1885 308 1955; x_wconf 87' lang='lat' dir='ltr'><strong>januam</strong></span> <span class='ocrx_word' id='word_1_227' title='bbox 320 1888 460 1959; x_wconf 87' lang='lat' dir='ltr'><strong>paradisi,</strong></span> <span class='ocrx_word' id='word_1_228' title='bbox 476 1889 624 1946; x_wconf 86' lang='lat' dir='ltr'><strong>eollooans</strong></span> <span class='ocrx_word' id='word_1_229' title='bbox 650 1895 718 1947; x_wconf 89' lang='lat' dir='ltr'><strong>ante</strong></span> <span class='ocrx_word' id='word_1_230' title='bbox 745 1890 915 1964; x_wconf 85' lang='lat' dir='ltr'><strong>paradisum</strong></span> <span class='ocrx_word' id='word_1_231' title='bbox 970 1890 1068 1948; x_wconf 89' lang='lat' dir='ltr'><strong>omnis</strong></span> <span class='ocrx_word' id='word_1_232' title='bbox 1081 1888 1181 1945; x_wconf 84' lang='lat' dir='ltr'><strong>vivens</strong></span> <span class='ocrx_word' id='word_1_233' title='bbox 1197 1888 1283 1960; x_wconf 81' lang='lat' dir='ltr'><strong>(Paul.</strong></span> <span class='ocrx_word' id='word_1_234' title='bbox 1300 1886 1401 1958; x_wconf 78' lang='lat' dir='ltr'><strong>cantv).</strong></span> <span class='ocrx_word' id='word_1_235' title='bbox 1418 1906 1433 1936; x_wconf 79' lang='lat' dir='ltr'><strong>a</strong></span> <span class='ocrx_word' id='word_1_236' title='bbox 1450 1887 1633 1958; x_wconf 84' lang='lat' dir='ltr'><strong>Quapropter</strong></span> <span class='ocrx_word' id='word_1_237' title='bbox 1643 1882 1707 1955; x_wconf 90' lang='lat' dir='ltr'><strong>ipse</strong></span> <span class='ocrx_word' id='word_1_238' title='bbox 1718 1881 1800 1938; x_wconf 88' lang='lat' dir='ltr'><strong>Deua</strong></span> 
     </span>
     <span class='ocr_line' id='line_1_20' title="bbox 91 1971 1799 2052; baseline 0 -25"><span class='ocrx_word' id='word_1_239' title='bbox 91 1972 250 2045; x_wconf 88' lang='lat' dir='ltr'><strong>voluptatis</strong></span> <span class='ocrx_word' id='word_1_240' title='bbox 264 1974 418 2044; x_wconf 86' lang='lat' dir='ltr'><strong>eberubiu,</strong></span> <span class='ocrx_word' id='word_1_241' title='bbox 435 1980 463 2033; x_wconf 90' lang='lat' dir='ltr'><strong>et</strong></span> <span class='ocrx_word' id='word_1_242' title='bbox 479 1977 649 2035; x_wconf 88' lang='lat' dir='ltr'><strong>tlammeum</strong></span> <span class='ocrx_word' id='word_1_243' title='bbox 668 1978 801 2051; x_wconf 82' lang='lat' dir='ltr'><strong>gladium</strong></span> <span class='ocrx_word' id='word_1_244' title='bbox 828 1984 916 2052; x_wconf 89' lang='lat' dir='ltr'><strong>atque</strong></span> <span class='ocrx_word' id='word_1_245' title='bbox 971 1979 1065 2036; x_wconf 85' lang='lat' dir='ltr'><strong>laetus</strong></span> <span class='ocrx_word' id='word_1_246' title='bbox 1079 1982 1125 2034; x_wconf 84' lang='lat' dir='ltr'><strong>est</strong></span> <span class='ocrx_word' id='word_1_247' title='bbox 1140 1978 1238 2045; x_wconf 88' lang='lat' dir='ltr'><strong>bomo,</strong></span> <span class='ocrx_word' id='word_1_248' title='bbox 1254 1974 1486 2048; x_wconf 84' lang='lat' dir='ltr'><strong>quatenusinter</strong></span> <span class='ocrx_word' id='word_1_249' title='bbox 1504 1975 1594 2029; x_wconf 88' lang='lat' dir='ltr'><strong>Deum</strong></span> <span class='ocrx_word' id='word_1_250' title='bbox 1606 1977 1635 2029; x_wconf 89' lang='lat' dir='ltr'><strong>et</strong></span> <span class='ocrx_word' id='word_1_251' title='bbox 1649 1971 1799 2029; x_wconf 90' lang='lat' dir='ltr'><strong>bominem</strong></span> 
     </span>
     <span class='ocr_line' id='line_1_21' title="bbox 92 2060 1801 2140; baseline -0.001 -22"><span class='ocrx_word' id='word_1_252' title='bbox 92 2061 262 2118; x_wconf 85' lang='lat' dir='ltr'><strong>versatilem</strong></span> <span class='ocrx_word' id='word_1_253' title='bbox 278 2062 354 2133; x_wconf 83' lang='lat' dir='ltr'><strong>(Gerr.</strong></span> <span class='ocrx_word' id='word_1_254' title='bbox 369 2063 424 2135; x_wconf 89' lang='lat' dir='ltr'><strong>ru),</strong></span> <span class='ocrx_word' id='word_1_255' title='bbox 441 2070 474 2122; x_wconf 92' lang='lat' dir='ltr'><strong>ut</strong></span> <span class='ocrx_word' id='word_1_256' title='bbox 488 2067 611 2140; x_wconf 86' lang='lat' dir='ltr'><strong>augelus</strong></span> <span class='ocrx_word' id='word_1_257' title='bbox 622 2072 734 2125; x_wconf 82' lang='lat' dir='ltr'><strong>arceret</strong></span> <span class='ocrx_word' id='word_1_258' title='bbox 753 2068 915 2138; x_wconf 91' lang='lat' dir='ltr'><strong>diabolum,</strong></span> <span class='ocrx_word' id='word_1_259' title='bbox 972 2067 1103 2140; x_wconf 87' lang='lat' dir='ltr'><strong>legitime</strong></span> <span class='ocrx_word' id='word_1_260' title='bbox 1118 2065 1273 2134; x_wconf 84' lang='lat' dir='ltr'><strong>mediaret,</strong></span> <span class='ocrx_word' id='word_1_261' title='bbox 1290 2067 1391 2136; x_wconf 85' lang='lat' dir='ltr'><strong>utpote</strong></span> <span class='ocrx_word' id='word_1_262' title='bbox 1406 2062 1457 2135; x_wconf 92' lang='lat' dir='ltr'><strong>qui</strong></span> <span class='ocrx_word' id='word_1_263' title='bbox 1474 2060 1570 2118; x_wconf 90' lang='lat' dir='ltr'><strong>neutri</strong></span> <span class='ocrx_word' id='word_1_264' title='bbox 1598 2061 1675 2134; x_wconf 91' lang='lat' dir='ltr'><strong>parti</strong></span> <span class='ocrx_word' id='word_1_265' title='bbox 1698 2076 1801 2130; x_wconf 88' lang='lat' dir='ltr'><strong>suspe-</strong></span> 
     </span>
     <span class='ocr_line' id='line_1_22' title="bbox 92 2150 1801 2228; baseline 0 -23"><span class='ocrx_word' id='word_1_266' title='bbox 92 2150 214 2223; x_wconf 88' lang='lat' dir='ltr'><strong>etignis</strong></span> <span class='ocrx_word' id='word_1_267' title='bbox 225 2150 369 2224; x_wconf 85' lang='lat' dir='ltr'><strong>homines,</strong></span> <span class='ocrx_word' id='word_1_268' title='bbox 383 2153 538 2228; x_wconf 87' lang='lat' dir='ltr'><strong>indignum</strong></span> <span class='ocrx_word' id='word_1_269' title='bbox 553 2162 632 2215; x_wconf 88' lang='lat' dir='ltr'><strong>esset</strong></span> <span class='ocrx_word' id='word_1_270' title='bbox 645 2163 677 2215; x_wconf 88' lang='lat' dir='ltr'><strong>ut</strong></span> <span class='ocrx_word' id='word_1_271' title='bbox 692 2173 761 2215; x_wconf 88' lang='lat' dir='ltr'><strong>eum</strong></span> <span class='ocrx_word' id='word_1_272' title='bbox 776 2162 918 2215; x_wconf 88' lang='lat' dir='ltr'><strong>reserarat</strong></span> <span class='ocrx_word' id='word_1_273' title='bbox 972 2156 1199 2223; x_wconf 86' lang='lat' dir='ltr'><strong>otuaexisteret,</strong></span> <span class='ocrx_word' id='word_1_274' title='bbox 1216 2153 1371 2225; x_wconf 88' lang='lat' dir='ltr'><strong>utriusque</strong></span> <span class='ocrx_word' id='word_1_275' title='bbox 1391 2168 1497 2225; x_wconf 88' lang='lat' dir='ltr'><strong>gerens</strong></span> <span class='ocrx_word' id='word_1_276' title='bbox 1521 2151 1558 2223; x_wconf 68' lang='lat' dir='ltr'><strong>¹iu</strong></span> <span class='ocrx_word' id='word_1_277' title='bbox 1587 2166 1647 2206; x_wconf 85' lang='lat' dir='ltr'><strong>una</strong></span> <span class='ocrx_word' id='word_1_278' title='bbox 1675 2166 1801 2223; x_wconf 83' lang='lat' dir='ltr'><strong>persona</strong></span> 
     </span>
     <span class='ocr_line' id='line_1_23' title="bbox 26 2236 1122 2327; baseline 0.009 -35"><span class='ocrx_word' id='word_1_279' title='bbox 26 2322 28 2327; x_wconf 68' lang='lat'><strong>,</strong></span> <span class='ocrx_word' id='word_1_280' title='bbox 93 2236 234 2311; x_wconf 89' lang='lat' dir='ltr'><strong>indignis,</strong></span> <span class='ocrx_word' id='word_1_281' title='bbox 251 2243 280 2296; x_wconf 88' lang='lat' dir='ltr'><strong>et</strong></span> <span class='ocrx_word' id='word_1_282' title='bbox 293 2244 523 2303; x_wconf 89' lang='lat' dir='ltr'><strong>sanetumdaret</strong></span> <span class='ocrx_word' id='word_1_283' title='bbox 542 2245 676 2318; x_wconf 88' lang='lat' dir='ltr'><strong>eanibua,</strong></span> <span class='ocrx_word' id='word_1_284' title='bbox 691 2251 720 2303; x_wconf 91' lang='lat' dir='ltr'><strong>et</strong></span> <span class='ocrx_word' id='word_1_285' title='bbox 741 2247 918 2320; x_wconf 84' lang='lat' dir='ltr'><strong>margaritas</strong></span> <span class='ocrx_word' id='word_1_286' title='bbox 972 2254 1122 2302; x_wconf 87' lang='lat' dir='ltr'><strong>naturam.</strong></span> 
     </span>
     <span class='ocr_line' id='line_1_24' title="bbox 80 2326 1801 2408; baseline 0.001 -25"><span class='ocrx_word' id='word_1_287' title='bbox 80 2326 85 2336; x_wconf 84' lang='lat'>&#39;</span> <span class='ocrx_word' id='word_1_288' title='bbox 93 2328 248 2400; x_wconf 81' lang='lat' dir='ltr'><strong>projiceret</strong></span> <span class='ocrx_word' id='word_1_289' title='bbox 275 2335 342 2388; x_wconf 91' lang='lat' dir='ltr'><strong>ante</strong></span> <span class='ocrx_word' id='word_1_290' title='bbox 370 2349 474 2405; x_wconf 85' lang='lat' dir='ltr'><strong>porcos</strong></span> <span class='ocrx_word' id='word_1_291' title='bbox 497 2335 602 2406; x_wconf 84' lang='lat' dir='ltr'><strong>(llotttr.</strong></span> <span class='ocrx_word' id='word_1_292' title='bbox 626 2337 685 2405; x_wconf 75' lang='lat' dir='ltr'><strong>vul.</strong></span> <span class='ocrx_word' id='word_1_293' title='bbox 710 2335 824 2392; x_wconf 86' lang='lat' dir='ltr'><strong>Reddat</strong></span> <span class='ocrx_word' id='word_1_294' title='bbox 848 2352 917 2408; x_wconf 89' lang='lat' dir='ltr'><strong>ergo</strong></span> <span class='ocrx_word' id='word_1_295' title='bbox 1007 2333 1258 2407; x_wconf 86' lang='lat' dir='ltr'><strong>Oportuitigitur,</strong></span> <span class='ocrx_word' id='word_1_296' title='bbox 1272 2329 1801 2403; x_wconf 81' lang='lat' dir='ltr'><strong>utbauesuamortageutembuma·</strong></span> 
     </span>
     <span class='ocr_line' id='line_1_25' title="bbox 93 2417 1803 2497; baseline 0.001 -25"><span class='ocrx_word' id='word_1_297' title='bbox 93 2417 317 2476; x_wconf 88' lang='lat' dir='ltr'><strong>retributionem</strong></span> <span class='ocrx_word' id='word_1_298' title='bbox 333 2424 469 2494; x_wconf 87' lang='lat' dir='ltr'><strong>superbis</strong></span> <span class='ocrx_word' id='word_1_299' title='bbox 483 2424 569 2495; x_wconf 80' lang='lat' dir='ltr'><strong>(Paul.</strong></span> <span class='ocrx_word' id='word_1_300' title='bbox 588 2425 680 2497; x_wconf 81' lang='lat' dir='ltr'><strong>nuru),</strong></span> <span class='ocrx_word' id='word_1_301' title='bbox 696 2425 855 2497; x_wconf 83' lang='lat' dir='ltr'><strong>uniruique</strong></span> <span class='ocrx_word' id='word_1_302' title='bbox 870 2441 918 2481; x_wconf 88' lang='lat' dir='ltr'><strong>se·</strong></span> <span class='ocrx_word' id='word_1_303' title='bbox 973 2440 1041 2480; x_wconf 88' lang='lat' dir='ltr'><strong>nam</strong></span> <span class='ocrx_word' id='word_1_304' title='bbox 1058 2423 1223 2490; x_wconf 84' lang='lat' dir='ltr'><strong>redimeret,</strong></span> <span class='ocrx_word' id='word_1_305' title='bbox 1239 2426 1283 2493; x_wconf 90' lang='lat' dir='ltr'><strong>ut,</strong></span> <span class='ocrx_word' id='word_1_306' title='bbox 1300 2421 1378 2479; x_wconf 87' lang='lat' dir='ltr'><strong>sieut</strong></span> <span class='ocrx_word' id='word_1_307' title='bbox 1393 2437 1444 2493; x_wconf 89' lang='lat' dir='ltr'><strong>per</strong></span> <span class='ocrx_word' id='word_1_308' title='bbox 1457 2419 1688 2476; x_wconf 85' lang='lat' dir='ltr'><strong>inobedientiam</strong></span> <span class='ocrx_word' id='word_1_309' title='bbox 1710 2419 1803 2474; x_wconf 88' lang='lat' dir='ltr'><strong>unius</strong></span> 
     </span>
     <span class='ocr_line' id='line_1_26' title="bbox 93 2507 1804 2585; baseline 0 -23"><span class='ocrx_word' id='word_1_310' title='bbox 93 2507 224 2563; x_wconf 84' lang='lat' dir='ltr'><strong>eundum</strong></span> <span class='ocrx_word' id='word_1_311' title='bbox 247 2509 350 2567; x_wconf 87' lang='lat' dir='ltr'><strong>merita</strong></span> <span class='ocrx_word' id='word_1_312' title='bbox 375 2528 447 2581; x_wconf 87' lang='lat' dir='ltr'><strong>sua;</strong></span> <span class='ocrx_word' id='word_1_313' title='bbox 464 2513 534 2584; x_wconf 92' lang='lat' dir='ltr'><strong>quia</strong></span> <span class='ocrx_word' id='word_1_314' title='bbox 561 2515 723 2571; x_wconf 84' lang='lat' dir='ltr'><strong>seeundum</strong></span> <span class='ocrx_word' id='word_1_315' title='bbox 748 2514 918 2572; x_wconf 88' lang='lat' dir='ltr'><strong>testimonia</strong></span> <span class='ocrx_word' id='word_1_316' title='bbox 973 2512 1101 2570; x_wconf 90' lang='lat' dir='ltr'><strong>bominis</strong></span> <span class='ocrx_word' id='word_1_317' title='bbox 1115 2509 1451 2585; x_wconf 88' lang='lat' dir='ltr'><strong>peeoatoresooustituti</strong></span> <span class='ocrx_word' id='word_1_318' title='bbox 1467 2516 1537 2566; x_wconf 90' lang='lat' dir='ltr'><strong>sunt</strong></span> <span class='ocrx_word' id='word_1_319' title='bbox 1559 2507 1658 2573; x_wconf 89' lang='lat' dir='ltr'><strong>multi,</strong></span> <span class='ocrx_word' id='word_1_320' title='bbox 1681 2507 1723 2563; x_wconf 90' lang='lat' dir='ltr'><strong>ita</strong></span> <span class='ocrx_word' id='word_1_321' title='bbox 1751 2524 1804 2579; x_wconf 92' lang='lat' dir='ltr'><strong>per</strong></span> 
     </span>
     <span class='ocr_line' id='line_1_27' title="bbox 28 2596 1804 2677; baseline -0.001 -25"><span class='ocrx_word' id='word_1_322' title='bbox 28 2672 31 2677; x_wconf 15' lang='grc' dir='ltr'>ι</span> <span class='ocrx_word' id='word_1_323' title='bbox 93 2596 324 2668; x_wconf 87' lang='lat' dir='ltr'><strong>seripturarum:</strong></span> <span class='ocrx_word' id='word_1_324' title='bbox 341 2623 356 2651; x_wconf 91' lang='lat'>«</span> <span class='ocrx_word' id='word_1_325' title='bbox 372 2601 481 2659; x_wconf 84' lang='lat' dir='ltr'><strong>Omnes</strong></span> <span class='ocrx_word' id='word_1_326' title='bbox 495 2601 726 2674; x_wconf 87' lang='lat' dir='ltr'><strong>deelinaverunt,</strong></span> <span class='ocrx_word' id='word_1_327' title='bbox 747 2603 837 2661; x_wconf 86' lang='lat' dir='ltr'><strong>simul</strong></span> <span class='ocrx_word' id='word_1_328' title='bbox 873 2604 918 2659; x_wconf 91' lang='lat' dir='ltr'><strong>in·</strong></span> <span class='ocrx_word' id='word_1_329' title='bbox 973 2599 1423 2659; x_wconf 88' lang='lat' dir='ltr'><strong>uniusbominisobedieutiam</strong></span> <span class='ocrx_word' id='word_1_330' title='bbox 1442 2599 1518 2670; x_wconf 86' lang='lat' dir='ltr'><strong>justi</strong></span> <span class='ocrx_word' id='word_1_331' title='bbox 1547 2597 1804 2654; x_wconf 87' lang='lat' dir='ltr'><strong>eonstituerentur</strong></span> 
     </span>
     <span class='ocr_line' id='line_1_28' title="bbox 95 2685 1234 2764; baseline 0.004 -23"><span class='ocrx_word' id='word_1_332' title='bbox 95 2685 181 2742; x_wconf 86' lang='lat' dir='ltr'><strong>utilas</strong></span> <span class='ocrx_word' id='word_1_333' title='bbox 196 2687 264 2744; x_wconf 80' lang='lat' dir='ltr'><strong>laeti</strong></span> <span class='ocrx_word' id='word_1_334' title='bbox 279 2696 359 2759; x_wconf 87' lang='lat' dir='ltr'><strong>aunt,</strong></span> <span class='ocrx_word' id='word_1_335' title='bbox 380 2707 437 2747; x_wconf 92' lang='lat' dir='ltr'><strong>uon</strong></span> <span class='ocrx_word' id='word_1_336' title='bbox 461 2695 506 2747; x_wconf 89' lang='lat' dir='ltr'><strong>est</strong></span> <span class='ocrx_word' id='word_1_337' title='bbox 530 2691 580 2764; x_wconf 92' lang='lat' dir='ltr'><strong>qui</strong></span> <span class='ocrx_word' id='word_1_338' title='bbox 600 2691 689 2749; x_wconf 81' lang='lat' dir='ltr'><strong>faeiat</strong></span> <span class='ocrx_word' id='word_1_339' title='bbox 712 2692 833 2762; x_wconf 87' lang='lat' dir='ltr'><strong>bonum,</strong></span> <span class='ocrx_word' id='word_1_340' title='bbox 858 2708 917 2749; x_wconf 91' lang='lat' dir='ltr'><strong>non</strong></span> <span class='ocrx_word' id='word_1_341' title='bbox 974 2690 1062 2747; x_wconf 91' lang='lat' dir='ltr'><strong>multi</strong></span> <span class='ocrx_word' id='word_1_342' title='bbox 1076 2691 1165 2762; x_wconf 83' lang='lat' dir='ltr'><strong>(Rom.</strong></span> <span class='ocrx_word' id='word_1_343' title='bbox 1178 2690 1234 2762; x_wconf 86' lang='grc' dir='ltr'><strong>ιιι).</strong></span> 
     </span>
     <span class='ocr_line' id='line_1_29' title="bbox 94 2775 1804 2852; baseline -0.001 -22"><span class='ocrx_word' id='word_1_344' title='bbox 94 2779 140 2830; x_wconf 87' lang='lat' dir='ltr'><strong>est</strong></span> <span class='ocrx_word' id='word_1_345' title='bbox 152 2791 247 2848; x_wconf 86' lang='lat' dir='ltr'><strong>usque</strong></span> <span class='ocrx_word' id='word_1_346' title='bbox 258 2778 294 2833; x_wconf 91' lang='lat' dir='ltr'><strong>ad</strong></span> <span class='ocrx_word' id='word_1_347' title='bbox 310 2795 401 2834; x_wconf 91' lang='lat' dir='ltr'><strong>unum</strong></span> <span class='ocrx_word' id='word_1_348' title='bbox 416 2779 504 2850; x_wconf 83' lang='lat' dir='ltr'><strong>(Psal.</strong></span> <span class='ocrx_word' id='word_1_349' title='bbox 530 2781 590 2852; x_wconf 83' lang='lat' dir='ltr'><strong>mr).</strong></span> <span class='ocrx_word' id='word_1_350' title='bbox 603 2801 618 2831; x_wconf 79' lang='grc' dir='ltr'><strong>ι</strong></span> <span class='ocrx_word' id='word_1_351' title='bbox 639 2781 747 2837; x_wconf 84' lang='lat' dir='ltr'><strong>Omnes</strong></span> <span class='ocrx_word' id='word_1_352' title='bbox 772 2781 918 2838; x_wconf 90' lang='lat' dir='ltr'><strong>immundi</strong></span> <span class='ocrx_word' id='word_1_353' title='bbox 1009 2780 1061 2835; x_wconf 89' lang='lat' dir='ltr'><strong>llio</strong></span> <span class='ocrx_word' id='word_1_354' title='bbox 1076 2783 1122 2835; x_wconf 90' lang='lat' dir='ltr'><strong>est</strong></span> <span class='ocrx_word' id='word_1_355' title='bbox 1140 2794 1262 2851; x_wconf 90' lang='lat' dir='ltr'><strong>serpens</strong></span> <span class='ocrx_word' id='word_1_356' title='bbox 1276 2793 1375 2835; x_wconf 81' lang='lat' dir='ltr'><strong>ansus</strong></span> <span class='ocrx_word' id='word_1_357' title='bbox 1402 2775 1548 2834; x_wconf 86' lang='lat' dir='ltr'><strong>exaltatus</strong></span> <span class='ocrx_word' id='word_1_358' title='bbox 1578 2775 1608 2831; x_wconf 89' lang='lat' dir='ltr'><strong>in</strong></span> <span class='ocrx_word' id='word_1_359' title='bbox 1624 2789 1732 2843; x_wconf 88' lang='lat' dir='ltr'><strong>eremo,</strong></span> <span class='ocrx_word' id='word_1_360' title='bbox 1749 2790 1804 2848; x_wconf 90' lang='lat' dir='ltr'><strong>per</strong></span> 
     </span>
     <span class='ocr_line' id='line_1_30' title="bbox 93 2863 1799 2943; baseline -0.001 -25"><span class='ocrx_word' id='word_1_361' title='bbox 93 2863 129 2919; x_wconf 88' lang='lat' dir='ltr'><strong>de</strong></span> <span class='ocrx_word' id='word_1_362' title='bbox 144 2864 296 2922; x_wconf 89' lang='lat' dir='ltr'><strong>immundo</strong></span> <span class='ocrx_word' id='word_1_363' title='bbox 311 2867 566 2941; x_wconf 86' lang='lat' dir='ltr'><strong>aemiueeonoepti</strong></span> <span class='ocrx_word' id='word_1_364' title='bbox 580 2874 702 2934; x_wconf 68' lang='lat' dir='ltr'><strong>suntet</strong></span> <span class='ocrx_word' id='word_1_365' title='bbox 718 2874 920 2943; x_wconf 90' lang='lat' dir='ltr'><strong>apposuerunt</strong></span> <span class='ocrx_word' id='word_1_366' title='bbox 973 2884 1060 2941; x_wconf 91' lang='lat' dir='ltr'><strong>quem</strong></span> <span class='ocrx_word' id='word_1_367' title='bbox 1082 2867 1216 2940; x_wconf 89' lang='lat' dir='ltr'><strong>pereussi</strong></span> <span class='ocrx_word' id='word_1_368' title='bbox 1239 2884 1256 2923; x_wconf 87' lang='lat' dir='ltr'><strong>a</strong></span> <span class='ocrx_word' id='word_1_369' title='bbox 1279 2865 1464 2939; x_wconf 83' lang='lat' dir='ltr'><strong>serpentibus</strong></span> <span class='ocrx_word' id='word_1_370' title='bbox 1494 2865 1676 2922; x_wconf 89' lang='lat' dir='ltr'><strong>sanabantur</strong></span> <span class='ocrx_word' id='word_1_371' title='bbox 1704 2864 1799 2938; x_wconf 81' lang='lat' dir='ltr'><strong>(lium.</strong></span> 
     </span>
     <span class='ocr_line' id='line_1_31' title="bbox 92 2953 1205 3031; baseline 0.003 -22"><span class='ocrx_word' id='word_1_372' title='bbox 92 2953 208 3009; x_wconf 87' lang='lat' dir='ltr'><strong>adbbuo</strong></span> <span class='ocrx_word' id='word_1_373' title='bbox 225 2971 345 3026; x_wconf 86' lang='lat' dir='ltr'><strong>paeoaro</strong></span> <span class='ocrx_word' id='word_1_374' title='bbox 359 2956 396 3012; x_wconf 86' lang='lat' dir='ltr'><strong>ei.</strong></span> <span class='ocrx_word' id='word_1_375' title='bbox 411 2957 455 3012; x_wconf 81' lang='lat' dir='ltr'><strong>sd</strong></span> <span class='ocrx_word' id='word_1_376' title='bbox 471 2957 525 3013; x_wconf 89' lang='lat' dir='ltr'><strong>hoe</strong></span> <span class='ocrx_word' id='word_1_377' title='bbox 541 2957 742 3015; x_wconf 83' lang='lat' dir='ltr'><strong>misericordia</strong></span> <span class='ocrx_word' id='word_1_378' title='bbox 760 2960 920 3031; x_wconf 86' lang='lat' dir='ltr'><strong>prudenter</strong></span> <span class='ocrx_word' id='word_1_379' title='bbox 972 2975 1041 3025; x_wconf 67' lang='lat'>¹¹12·</span> <span class='ocrx_word' id='word_1_380' title='bbox 1055 2959 1135 3014; x_wconf 81' lang='lat' dir='ltr'><strong>loon.</strong></span> <span class='ocrx_word' id='word_1_381' title='bbox 1151 2958 1205 3029; x_wconf 83' lang='grc' dir='ltr'><strong>ιιι).</strong></span> 
     </span>
     <span class='ocr_line' id='line_1_32' title="bbox 93 3041 1801 3120; baseline -0.001 -20"><span class='ocrx_word' id='word_1_382' title='bbox 93 3041 223 3114; x_wconf 86' lang='lat' dir='ltr'><strong>allegans</strong></span> <span class='ocrx_word' id='word_1_383' title='bbox 236 3044 361 3114; x_wconf 74' lang='lat' dir='ltr'><strong>adieeit:</strong></span> <span class='ocrx_word' id='word_1_384' title='bbox 377 3045 517 3110; x_wconf 83' lang='lat' dir='ltr'><strong>Quamvis</strong></span> <span class='ocrx_word' id='word_1_385' title='bbox 531 3046 620 3103; x_wconf 90' lang='lat' dir='ltr'><strong>bomo</strong></span> <span class='ocrx_word' id='word_1_386' title='bbox 634 3047 717 3104; x_wconf 89' lang='lat' dir='ltr'><strong>vaide</strong></span> <span class='ocrx_word' id='word_1_387' title='bbox 740 3048 915 3120; x_wconf 83' lang='lat' dir='ltr'><strong>peceaverit,</strong></span> <span class='ocrx_word' id='word_1_388' title='bbox 1008 3046 1116 3102; x_wconf 84' lang='lat' dir='ltr'><strong>Hieest</strong></span> <span class='ocrx_word' id='word_1_389' title='bbox 1129 3061 1266 3103; x_wconf 90' lang='lat' dir='ltr'><strong>summus</strong></span> <span class='ocrx_word' id='word_1_390' title='bbox 1286 3046 1433 3113; x_wconf 77' lang='lat' dir='ltr'><strong>sacerdos,</strong></span> <span class='ocrx_word' id='word_1_391' title='bbox 1460 3045 1546 3117; x_wconf 89' lang='lat' dir='ltr'><strong>eujus</strong></span> <span class='ocrx_word' id='word_1_392' title='bbox 1569 3045 1599 3100; x_wconf 93' lang='lat' dir='ltr'><strong>in</strong></span> <span class='ocrx_word' id='word_1_393' title='bbox 1629 3047 1724 3101; x_wconf 88' lang='lat' dir='ltr'><strong>morte</strong></span> <span class='ocrx_word' id='word_1_394' title='bbox 1748 3043 1801 3109; x_wconf 79' lang='lat' dir='ltr'><strong>rei,</strong></span> 
     </span>
     <span class='ocr_line' id='line_1_33' title="bbox 93 3115 1799 3210; baseline 0 -22"><span class='ocrx_word' id='word_1_395' title='bbox 93 3135 194 3204; x_wconf 87' lang='lat' dir='ltr'><strong>postea</strong></span> <span class='ocrx_word' id='word_1_396' title='bbox 208 3136 306 3189; x_wconf 89' lang='lat' dir='ltr'><strong>tamen</strong></span> <span class='ocrx_word' id='word_1_397' title='bbox 322 3134 460 3205; x_wconf 85' lang='lat' dir='ltr'><strong>poenituit</strong></span> <span class='ocrx_word' id='word_1_398' title='bbox 474 3135 600 3208; x_wconf 75' lang='lat' dir='ltr'><strong>perfeeto</strong></span> <span class='ocrx_word' id='word_1_399' title='bbox 611 3153 618 3191; x_wconf 74' lang='grc' dir='ltr'>ε</span> <span class='ocrx_word' id='word_1_400' title='bbox 630 3140 660 3193; x_wconf 89' lang='lat' dir='ltr'><strong>et</strong></span> <span class='ocrx_word' id='word_1_401' title='bbox 673 3136 738 3193; x_wconf 89' lang='lat' dir='ltr'><strong>ideo</strong></span> <span class='ocrx_word' id='word_1_402' title='bbox 754 3137 833 3210; x_wconf 94' lang='lat' dir='ltr'><strong>quod</strong></span> <span class='ocrx_word' id='word_1_403' title='bbox 842 3137 915 3193; x_wconf 87' lang='lat' dir='ltr'><strong>ami·</strong></span> <span class='ocrx_word' id='word_1_404' title='bbox 931 3115 953 3183; x_wconf 75' lang='lat' dir='ltr'>C</span> <span class='ocrx_word' id='word_1_405' title='bbox 971 3136 1023 3208; x_wconf 91' lang='lat' dir='ltr'><strong>qui</strong></span> <span class='ocrx_word' id='word_1_406' title='bbox 1036 3135 1230 3208; x_wconf 86' lang='lat' dir='ltr'><strong>eonlugerant</strong></span> <span class='ocrx_word' id='word_1_407' title='bbox 1240 3136 1276 3191; x_wconf 89' lang='lat' dir='ltr'><strong>ad</strong></span> <span class='ocrx_word' id='word_1_408' title='bbox 1288 3136 1420 3192; x_wconf 88' lang='lat' dir='ltr'><strong>eivitates</strong></span> <span class='ocrx_word' id='word_1_409' title='bbox 1432 3135 1546 3207; x_wconf 84' lang='lat' dir='ltr'><strong>refugii,</strong></span> <span class='ocrx_word' id='word_1_410' title='bbox 1577 3133 1799 3190; x_wconf 81' lang='lat' dir='ltr'><strong>revertebantur</strong></span> 
     </span>
     <span class='ocr_line' id='line_1_34' title="bbox 92 3220 1353 3298; baseline 0.003 -22"><span class='ocrx_word' id='word_1_411' title='bbox 92 3220 132 3276; x_wconf 93' lang='lat' dir='ltr'><strong>sit</strong></span> <span class='ocrx_word' id='word_1_412' title='bbox 145 3237 197 3293; x_wconf 91' lang='lat' dir='ltr'><strong>per</strong></span> <span class='ocrx_word' id='word_1_413' title='bbox 211 3221 339 3295; x_wconf 90' lang='lat' dir='ltr'><strong>eulpam,</strong></span> <span class='ocrx_word' id='word_1_414' title='bbox 353 3239 524 3296; x_wconf 90' lang='lat' dir='ltr'><strong>recuperare</strong></span> <span class='ocrx_word' id='word_1_415' title='bbox 534 3225 620 3281; x_wconf 88' lang='lat' dir='ltr'><strong>debet</strong></span> <span class='ocrx_word' id='word_1_416' title='bbox 635 3240 685 3298; x_wconf 88' lang='lat' dir='ltr'><strong>per</strong></span> <span class='ocrx_word' id='word_1_417' title='bbox 700 3225 915 3298; x_wconf 70' lang='lat' dir='ltr'><strong>ponitentiam.</strong></span> <span class='ocrx_word' id='word_1_418' title='bbox 972 3225 1008 3281; x_wconf 90' lang='lat' dir='ltr'><strong>ad</strong></span> <span class='ocrx_word' id='word_1_419' title='bbox 1020 3224 1138 3296; x_wconf 87' lang='lat' dir='ltr'><strong>propria</strong></span> <span class='ocrx_word' id='word_1_420' title='bbox 1154 3225 1246 3295; x_wconf 81' lang='lat' dir='ltr'><strong>(Num.</strong></span> <span class='ocrx_word' id='word_1_421' title='bbox 1257 3227 1353 3294; x_wconf 85' lang='lat' dir='ltr'><strong>xxxv).</strong></span> 
     </span>
     <span class='ocr_line' id='line_1_35' title="bbox 91 3310 1799 3389; baseline 0 -23"><span class='ocrx_word' id='word_1_422' title='bbox 91 3310 183 3368; x_wconf 84' lang='lat' dir='ltr'><strong>Juxta</strong></span> <span class='ocrx_word' id='word_1_423' title='bbox 196 3313 275 3384; x_wconf 91' lang='lat' dir='ltr'><strong>quod</strong></span> <span class='ocrx_word' id='word_1_424' title='bbox 286 3312 429 3369; x_wconf 82' lang='lat' dir='ltr'><strong>Dominus</strong></span> <span class='ocrx_word' id='word_1_425' title='bbox 445 3313 508 3387; x_wconf 86' lang='lat' dir='ltr'><strong>ipse</strong></span> <span class='ocrx_word' id='word_1_426' title='bbox 521 3313 677 3388; x_wconf 83' lang='lat' dir='ltr'><strong>promisit:</strong></span> <span class='ocrx_word' id='word_1_427' title='bbox 696 3337 708 3364; x_wconf 78' lang='grc' dir='ltr'><strong>ι</strong></span> <span class='ocrx_word' id='word_1_428' title='bbox 725 3315 916 3389; x_wconf 82' lang='lat' dir='ltr'><strong>Qusounque.</strong></span> <span class='ocrx_word' id='word_1_429' title='bbox 1009 3312 1060 3370; x_wconf 81' lang='lat' dir='ltr'><strong>lile</strong></span> <span class='ocrx_word' id='word_1_430' title='bbox 1072 3321 1118 3374; x_wconf 88' lang='lat' dir='ltr'><strong>est</strong></span> <span class='ocrx_word' id='word_1_431' title='bbox 1133 3315 1239 3388; x_wconf 91' lang='lat' dir='ltr'><strong>dequo</strong></span> <span class='ocrx_word' id='word_1_432' title='bbox 1255 3313 1427 3370; x_wconf 86' lang='lat' dir='ltr'><strong>beatuslob</strong></span> <span class='ocrx_word' id='word_1_433' title='bbox 1442 3312 1502 3370; x_wconf 88' lang='lat' dir='ltr'><strong>ait:</strong></span> <span class='ocrx_word' id='word_1_434' title='bbox 1522 3333 1533 3362; x_wconf 79' lang='grc' dir='ltr'><strong>ι</strong></span> <span class='ocrx_word' id='word_1_435' title='bbox 1566 3314 1598 3369; x_wconf 84' lang='grc' dir='ltr'><strong>Ιιι</strong></span> <span class='ocrx_word' id='word_1_436' title='bbox 1621 3310 1714 3368; x_wconf 86' lang='lat' dir='ltr'><strong>oeulis</strong></span> <span class='ocrx_word' id='word_1_437' title='bbox 1733 3311 1799 3381; x_wconf 82' lang='lat' dir='ltr'><strong>ejvs</strong></span> 
     </span>
     <span class='ocr_line' id='line_1_36' title="bbox 92 3399 1799 3482; baseline -0.003 -27"><span class='ocrx_word' id='word_1_438' title='bbox 92 3399 242 3473; x_wconf 87' lang='lat' dir='ltr'><strong>inquiens,</strong></span> <span class='ocrx_word' id='word_1_439' title='bbox 271 3401 343 3458; x_wconf 90' lang='lat' dir='ltr'><strong>bora</strong></span> <span class='ocrx_word' id='word_1_440' title='bbox 380 3407 516 3475; x_wconf 88' lang='lat' dir='ltr'><strong>peooator</strong></span> <span class='ocrx_word' id='word_1_441' title='bbox 539 3419 698 3462; x_wconf 88' lang='lat' dir='ltr'><strong>eonveraus</strong></span> <span class='ocrx_word' id='word_1_442' title='bbox 725 3404 823 3472; x_wconf 86' lang='lat' dir='ltr'><strong>luerit,</strong></span> <span class='ocrx_word' id='word_1_443' title='bbox 848 3409 917 3474; x_wconf 72' lang='lat' dir='ltr'><strong>ata,</strong></span> <span class='ocrx_word' id='word_1_444' title='bbox 972 3410 1058 3482; x_wconf 76' lang='lat' dir='ltr'><strong>qnasi</strong></span> <span class='ocrx_word' id='word_1_445' title='bbox 1073 3409 1161 3465; x_wconf 83' lang='lat' dir='ltr'><strong>bamo</strong></span> <span class='ocrx_word' id='word_1_446' title='bbox 1176 3403 1336 3461; x_wconf 88' lang='lat' dir='ltr'><strong>Bebemotb</strong></span> <span class='ocrx_word' id='word_1_447' title='bbox 1353 3402 1448 3475; x_wconf 87' lang='lat' dir='ltr'><strong>oapiet</strong></span> <span class='ocrx_word' id='word_1_448' title='bbox 1462 3402 1519 3466; x_wconf 77' lang='lat' dir='ltr'><strong>(lob</strong></span> <span class='ocrx_word' id='word_1_449' title='bbox 1534 3404 1591 3468; x_wconf 77' lang='grc' dir='ltr'><strong>ιι).</strong></span> <span class='ocrx_word' id='word_1_450' title='bbox 1609 3423 1623 3450; x_wconf 78' lang='grc' dir='ltr'><strong>ι</strong></span> <span class='ocrx_word' id='word_1_451' title='bbox 1652 3401 1684 3456; x_wconf 85' lang='lat' dir='ltr'><strong>ln</strong></span> <span class='ocrx_word' id='word_1_452' title='bbox 1709 3399 1799 3456; x_wconf 69' lang='lat' dir='ltr'><strong>hamo</strong></span> 
     </span>
     <span class='ocr_line' id='line_1_37' title="bbox 10 3488 1799 3572; baseline -0.001 -25"><span class='ocrx_word' id='word_1_453' title='bbox 10 3563 13 3566; x_wconf 10' lang='lat' dir='ltr'>y</span> <span class='ocrx_word' id='word_1_454' title='bbox 93 3491 227 3548; x_wconf 87' lang='lat' dir='ltr'><strong>omnium</strong></span> <span class='ocrx_word' id='word_1_455' title='bbox 243 3491 436 3564; x_wconf 87' lang='lat' dir='ltr'><strong>iniquitatum</strong></span> <span class='ocrx_word' id='word_1_456' title='bbox 450 3494 515 3564; x_wconf 88' lang='lat' dir='ltr'><strong>ejus</strong></span> <span class='ocrx_word' id='word_1_457' title='bbox 536 3510 595 3550; x_wconf 91' lang='lat' dir='ltr'><strong>non</strong></span> <span class='ocrx_word' id='word_1_458' title='bbox 613 3494 788 3551; x_wconf 90' lang='lat' dir='ltr'><strong>reeordabor</strong></span> <span class='ocrx_word' id='word_1_459' title='bbox 810 3494 918 3567; x_wconf 64' lang='lat' dir='ltr'><strong>(sueri.</strong></span> <span class='ocrx_word' id='word_1_460' title='bbox 973 3499 1126 3572; x_wconf 87' lang='lat' dir='ltr'><strong>sequidem</strong></span> <span class='ocrx_word' id='word_1_461' title='bbox 1139 3495 1195 3552; x_wconf 89' lang='lat' dir='ltr'><strong>sub</strong></span> <span class='ocrx_word' id='word_1_462' title='bbox 1211 3510 1278 3551; x_wconf 90' lang='lat' dir='ltr'><strong>esea</strong></span> <span class='ocrx_word' id='word_1_463' title='bbox 1293 3491 1414 3549; x_wconf 88' lang='lat' dir='ltr'><strong>aouleus</strong></span> <span class='ocrx_word' id='word_1_464' title='bbox 1429 3491 1511 3562; x_wconf 85' lang='lat' dir='ltr'><strong>latet,</strong></span> <span class='ocrx_word' id='word_1_465' title='bbox 1526 3495 1555 3547; x_wconf 91' lang='lat' dir='ltr'><strong>et</strong></span> <span class='ocrx_word' id='word_1_466' title='bbox 1569 3492 1599 3546; x_wconf 91' lang='lat' dir='ltr'><strong>iu</strong></span> <span class='ocrx_word' id='word_1_467' title='bbox 1615 3488 1731 3547; x_wconf 82' lang='lat' dir='ltr'><strong>Christo</strong></span> <span class='ocrx_word' id='word_1_468' title='bbox 1741 3490 1799 3546; x_wconf 91' lang='lat' dir='ltr'><strong>sub</strong></span> 
     </span>
     <span class='ocr_line' id='line_1_38' title="bbox 45 3578 1798 3656; baseline -0.001 -21"><span class='ocrx_word' id='word_1_469' title='bbox 45 3579 47 3585; x_wconf 82' lang='grc'><em>’</em></span> <span class='ocrx_word' id='word_1_470' title='bbox 94 3581 203 3651; x_wconf 77' lang='grc' dir='ltr'><strong>κιιι).“ι</strong></span> <span class='ocrx_word' id='word_1_471' title='bbox 221 3580 348 3637; x_wconf 76' lang='lat' dir='ltr'><strong>lloontra</strong></span> <span class='ocrx_word' id='word_1_472' title='bbox 365 3582 477 3639; x_wconf 86' lang='lat' dir='ltr'><strong>Veritas</strong></span> <span class='ocrx_word' id='word_1_473' title='bbox 500 3582 702 3656; x_wconf 81' lang='lat' dir='ltr'><strong>responditis</strong></span> <span class='ocrx_word' id='word_1_474' title='bbox 727 3583 788 3639; x_wconf 81' lang='lat' dir='ltr'><strong>baso</strong></span> <span class='ocrx_word' id='word_1_475' title='bbox 811 3585 918 3640; x_wconf 88' lang='lat' dir='ltr'><strong>verba:</strong></span> <span class='ocrx_word' id='word_1_476' title='bbox 972 3586 1157 3643; x_wconf 89' lang='lat' dir='ltr'><strong>humanitate</strong></span> <span class='ocrx_word' id='word_1_477' title='bbox 1171 3581 1313 3640; x_wconf 85' lang='lat' dir='ltr'><strong>diviuitas</strong></span> <span class='ocrx_word' id='word_1_478' title='bbox 1326 3579 1448 3636; x_wconf 86' lang='lat' dir='ltr'><strong>latebat.</strong></span> <span class='ocrx_word' id='word_1_479' title='bbox 1462 3578 1597 3638; x_wconf 81' lang='lat' dir='ltr'><strong>Christus</strong></span> <span class='ocrx_word' id='word_1_480' title='bbox 1620 3594 1690 3650; x_wconf 88' lang='lat' dir='ltr'><strong>argo</strong></span> <span class='ocrx_word' id='word_1_481' title='bbox 1713 3579 1798 3650; x_wconf 82' lang='lat' dir='ltr'><strong>quasi</strong></span> 
     </span>
     <span class='ocr_line' id='line_1_39' title="bbox 96 3666 1801 3745; baseline -0.001 -21"><span class='ocrx_word' id='word_1_482' title='bbox 96 3668 176 3724; x_wconf 77' lang='lat' dir='ltr'><strong>lieet</strong></span> <span class='ocrx_word' id='word_1_483' title='bbox 188 3669 359 3741; x_wconf 66' lang='lat' dir='ltr'><strong>poenitentia</strong></span> <span class='ocrx_word' id='word_1_484' title='bbox 372 3669 490 3743; x_wconf 89' lang='lat' dir='ltr'><strong>eulpam</strong></span> <span class='ocrx_word' id='word_1_485' title='bbox 518 3670 666 3739; x_wconf 86' lang='lat' dir='ltr'><strong>deleverit,</strong></span> <span class='ocrx_word' id='word_1_486' title='bbox 692 3672 851 3745; x_wconf 87' lang='lat' dir='ltr'><strong>perleotam</strong></span> <span class='ocrx_word' id='word_1_487' title='bbox 874 3676 919 3729; x_wconf 88' lang='lat' dir='ltr'><strong>ta·</strong></span> <span class='ocrx_word' id='word_1_488' title='bbox 973 3675 1062 3733; x_wconf 90' lang='lat' dir='ltr'><strong>bomo</strong></span> <span class='ocrx_word' id='word_1_489' title='bbox 1077 3673 1154 3745; x_wconf 83' lang='lat' dir='ltr'><strong>cepit</strong></span> <span class='ocrx_word' id='word_1_490' title='bbox 1169 3669 1339 3739; x_wconf 85' lang='lat' dir='ltr'><strong>Bobemotb,</strong></span> <span class='ocrx_word' id='word_1_491' title='bbox 1357 3668 1387 3723; x_wconf 91' lang='lat' dir='ltr'><strong>id</strong></span> <span class='ocrx_word' id='word_1_492' title='bbox 1406 3672 1452 3725; x_wconf 90' lang='lat' dir='ltr'><strong>est</strong></span> <span class='ocrx_word' id='word_1_493' title='bbox 1466 3666 1636 3734; x_wconf 87' lang='lat' dir='ltr'><strong>diabolum;</strong></span> <span class='ocrx_word' id='word_1_494' title='bbox 1653 3667 1801 3739; x_wconf 82' lang='lat' dir='ltr'><strong>qniaeum</strong></span> 
     </span>
     <span class='ocr_line' id='line_1_40' title="bbox 97 3754 1803 3837; baseline 0 -25"><span class='ocrx_word' id='word_1_495' title='bbox 97 3757 371 3815; x_wconf 83' lang='lat' dir='ltr'><strong>meninnooentiarn</strong></span> <span class='ocrx_word' id='word_1_496' title='bbox 382 3776 440 3816; x_wconf 91' lang='lat' dir='ltr'><strong>non</strong></span> <span class='ocrx_word' id='word_1_497' title='bbox 452 3759 593 3829; x_wconf 85' lang='lat' dir='ltr'><strong>restituit,</strong></span> <span class='ocrx_word' id='word_1_498' title='bbox 610 3761 919 3833; x_wconf 86' lang='lat' dir='ltr'><strong>quiarsmanatlomee</strong></span> <span class='ocrx_word' id='word_1_499' title='bbox 972 3767 1089 3837; x_wconf 84' lang='lat' dir='ltr'><strong>raperet</strong></span> <span class='ocrx_word' id='word_1_500' title='bbox 1102 3777 1200 3819; x_wconf 85' lang='lat' dir='ltr'><strong>oseam</strong></span> <span class='ocrx_word' id='word_1_501' title='bbox 1214 3757 1420 3824; x_wconf 85' lang='lat' dir='ltr'><strong>humanitatis,</strong></span> <span class='ocrx_word' id='word_1_502' title='bbox 1447 3761 1552 3828; x_wconf 87' lang='lat' dir='ltr'><strong>eaptus</strong></span> <span class='ocrx_word' id='word_1_503' title='bbox 1562 3760 1608 3812; x_wconf 86' lang='lat' dir='ltr'><strong>est</strong></span> <span class='ocrx_word' id='word_1_504' title='bbox 1618 3754 1719 3811; x_wconf 81' lang='lat' dir='ltr'><strong>asuleo</strong></span> <span class='ocrx_word' id='word_1_505' title='bbox 1730 3755 1803 3812; x_wconf 87' lang='lat' dir='ltr'><strong>divi·</strong></span> 
     </span>
     <span class='ocr_line' id='line_1_41' title="bbox 96 3844 1800 3924; baseline -0.001 -22"><span class='ocrx_word' id='word_1_506' title='bbox 96 3845 920 3919; x_wconf 73' lang='lat' dir='ltr'><strong>pereatilanguornatura,tyranniaoarnis:etideooum</strong></span> <span class='ocrx_word' id='word_1_507' title='bbox 973 3852 1087 3921; x_wconf 85' lang='lat' dir='ltr'><strong>nitatis,</strong></span> <span class='ocrx_word' id='word_1_508' title='bbox 1104 3850 1175 3924; x_wconf 90' lang='lat' dir='ltr'><strong>quia</strong></span> <span class='ocrx_word' id='word_1_509' title='bbox 1190 3846 1340 3905; x_wconf 82' lang='lat' dir='ltr'><strong>commisit</strong></span> <span class='ocrx_word' id='word_1_510' title='bbox 1363 3861 1471 3902; x_wconf 80' lang='lat' dir='ltr'><strong>manus</strong></span> <span class='ocrx_word' id='word_1_511' title='bbox 1492 3845 1520 3901; x_wconf 91' lang='lat' dir='ltr'><strong>iu</strong></span> <span class='ocrx_word' id='word_1_512' title='bbox 1547 3860 1626 3914; x_wconf 88' lang='lat' dir='ltr'><strong>eum,</strong></span> <span class='ocrx_word' id='word_1_513' title='bbox 1649 3844 1680 3900; x_wconf 90' lang='lat' dir='ltr'><strong>in</strong></span> <span class='ocrx_word' id='word_1_514' title='bbox 1710 3858 1800 3915; x_wconf 90' lang='lat' dir='ltr'><strong>quem</strong></span> 
     </span>
     <span class='ocr_line' id='line_1_42' title="bbox 95 3931 1803 4013; baseline -0.002 -21"><span class='ocrx_word' id='word_1_515' title='bbox 95 3935 191 4008; x_wconf 88' lang='lat' dir='ltr'><strong>possit</strong></span> <span class='ocrx_word' id='word_1_516' title='bbox 198 3952 315 4008; x_wconf 85' lang='lat' dir='ltr'><strong>poenam</strong></span> <span class='ocrx_word' id='word_1_517' title='bbox 326 3937 441 3994; x_wconf 84' lang='lat' dir='ltr'><strong>auterre</strong></span> <span class='ocrx_word' id='word_1_518' title='bbox 450 3941 787 4011; x_wconf 87' lang='lat' dir='ltr'><strong>peeoatum,nonpotast</strong></span> <span class='ocrx_word' id='word_1_519' title='bbox 796 3937 919 4011; x_wconf 86' lang='lat' dir='ltr'><strong>gloriam</strong></span> <span class='ocrx_word' id='word_1_520' title='bbox 973 3941 1047 3998; x_wconf 91' lang='lat' dir='ltr'><strong>nihil</strong></span> <span class='ocrx_word' id='word_1_521' title='bbox 1058 3941 1136 4013; x_wconf 87' lang='lat' dir='ltr'><strong>juria</strong></span> <span class='ocrx_word' id='word_1_522' title='bbox 1151 3937 1289 4005; x_wconf 86' lang='lat' dir='ltr'><strong>babebat,</strong></span> <span class='ocrx_word' id='word_1_523' title='bbox 1300 3937 1370 4008; x_wconf 72' lang='lat' dir='ltr'><strong>iure</strong></span> <span class='ocrx_word' id='word_1_524' title='bbox 1384 3933 1486 3991; x_wconf 86' lang='lat' dir='ltr'><strong>amisit</strong></span> <span class='ocrx_word' id='word_1_525' title='bbox 1500 3932 1579 4003; x_wconf 89' lang='lat' dir='ltr'><strong>illos,</strong></span> <span class='ocrx_word' id='word_1_526' title='bbox 1590 3933 1620 3989; x_wconf 92' lang='lat' dir='ltr'><strong>in</strong></span> <span class='ocrx_word' id='word_1_527' title='bbox 1648 3948 1725 4006; x_wconf 90' lang='lat' dir='ltr'><strong>quos</strong></span> <span class='ocrx_word' id='word_1_528' title='bbox 1748 3931 1803 3988; x_wconf 88' lang='lat' dir='ltr'><strong>ali·</strong></span> 
     </span>
     <span class='ocr_line' id='line_1_43' title="bbox 97 4020 1801 4105; baseline -0.001 -25"><span class='ocrx_word' id='word_1_529' title='bbox 97 4022 260 4082; x_wconf 85' lang='lat' dir='ltr'><strong>restituere.</strong></span> <span class='ocrx_word' id='word_1_530' title='bbox 269 4047 284 4075; x_wconf 78' lang='lat' dir='ltr'><strong>a</strong></span> <span class='ocrx_word' id='word_1_531' title='bbox 297 4027 406 4082; x_wconf 84' lang='lat' dir='ltr'><strong>Omnes</strong></span> <span class='ocrx_word' id='word_1_532' title='bbox 415 4042 484 4099; x_wconf 89' lang='lat' dir='ltr'><strong>ergo</strong></span> <span class='ocrx_word' id='word_1_533' title='bbox 498 4031 701 4099; x_wconf 77' lang='lat' dir='ltr'><strong>peceaverunt,</strong></span> <span class='ocrx_word' id='word_1_534' title='bbox 717 4031 842 4100; x_wconf 86' lang='lat' dir='ltr'><strong>etegent</strong></span> <span class='ocrx_word' id='word_1_535' title='bbox 855 4027 920 4100; x_wconf 84' lang='lat' dir='ltr'><strong>glo·</strong></span> <span class='ocrx_word' id='word_1_536' title='bbox 973 4030 1043 4105; x_wconf 94' lang='lat' dir='ltr'><strong>quid</strong></span> <span class='ocrx_word' id='word_1_537' title='bbox 1055 4028 1133 4101; x_wconf 86' lang='lat' dir='ltr'><strong>Juris</strong></span> <span class='ocrx_word' id='word_1_538' title='bbox 1147 4026 1302 4084; x_wconf 86' lang='lat' dir='ltr'><strong>videbatur</strong></span> <span class='ocrx_word' id='word_1_539' title='bbox 1322 4025 1439 4081; x_wconf 85' lang='lat' dir='ltr'><strong>babere.</strong></span> <span class='ocrx_word' id='word_1_540' title='bbox 1455 4022 1538 4080; x_wconf 86' lang='lat' dir='ltr'><strong>Unde</strong></span> <span class='ocrx_word' id='word_1_541' title='bbox 1551 4021 1636 4094; x_wconf 67' lang='lat' dir='ltr'><strong>{quia</strong></span> <span class='ocrx_word' id='word_1_542' title='bbox 1663 4020 1801 4079; x_wconf 90' lang='lat' dir='ltr'><strong>diabolus</strong></span> 
     </span>
     <span class='ocr_line' id='line_1_44' title="bbox 97 4109 1802 4189; baseline -0.002 -19"><span class='ocrx_word' id='word_1_543' title='bbox 97 4114 142 4170; x_wconf 82' lang='lat' dir='ltr'><strong>ria</strong></span> <span class='ocrx_word' id='word_1_544' title='bbox 155 4114 206 4171; x_wconf 88' lang='lat' dir='ltr'><strong>Dei</strong></span> <span class='ocrx_word' id='word_1_545' title='bbox 219 4114 377 4188; x_wconf 75' lang='lat' dir='ltr'><strong>(liumus),</strong></span> <span class='ocrx_word' id='word_1_546' title='bbox 393 4130 429 4171; x_wconf 87' lang='lat' dir='ltr'><strong>ne</strong></span> <span class='ocrx_word' id='word_1_547' title='bbox 449 4115 517 4188; x_wconf 88' lang='lat' dir='ltr'><strong>quis</strong></span> <span class='ocrx_word' id='word_1_548' title='bbox 531 4115 704 4172; x_wconf 86' lang='lat' dir='ltr'><strong>immundus</strong></span> <span class='ocrx_word' id='word_1_549' title='bbox 724 4116 824 4172; x_wconf 87' lang='lat' dir='ltr'><strong>divino</strong></span> <span class='ocrx_word' id='word_1_550' title='bbox 848 4133 920 4189; x_wconf 79' lang='lat' dir='ltr'><strong>pra·</strong></span> <span class='ocrx_word' id='word_1_551' title='bbox 973 4119 1124 4176; x_wconf 85' lang='lat' dir='ltr'><strong>bominem</strong></span> <span class='ocrx_word' id='word_1_552' title='bbox 1147 4111 1560 4187; x_wconf 84' lang='lat' dir='ltr'><strong>inlignodeeepit,etbomo</strong></span> <span class='ocrx_word' id='word_1_553' title='bbox 1589 4109 1741 4167; x_wconf 90' lang='lat' dir='ltr'><strong>diabolum</strong></span> <span class='ocrx_word' id='word_1_554' title='bbox 1772 4109 1802 4166; x_wconf 93' lang='lat' dir='ltr'><strong>in</strong></span> 
     </span>
     <span class='ocr_line' id='line_1_45' title="bbox 97 4199 1805 4281; baseline -0.002 -21"><span class='ocrx_word' id='word_1_555' title='bbox 97 4208 230 4261; x_wconf 88' lang='lat' dir='ltr'><strong>sentetur</strong></span> <span class='ocrx_word' id='word_1_556' title='bbox 245 4205 426 4276; x_wconf 88' lang='lat' dir='ltr'><strong>eonspeetui.</strong></span> <span class='ocrx_word' id='word_1_557' title='bbox 441 4207 493 4261; x_wconf 88' lang='lat' dir='ltr'><strong>His</strong></span> <span class='ocrx_word' id='word_1_558' title='bbox 509 4205 631 4261; x_wconf 84' lang='lat' dir='ltr'><strong>interae</strong></span> <span class='ocrx_word' id='word_1_559' title='bbox 651 4204 749 4261; x_wconf 89' lang='lat' dir='ltr'><strong>taliter</strong></span> <span class='ocrx_word' id='word_1_560' title='bbox 771 4209 801 4262; x_wconf 89' lang='lat' dir='ltr'><strong>ot</strong></span> <span class='ocrx_word' id='word_1_561' title='bbox 824 4205 922 4263; x_wconf 86' lang='lat' dir='ltr'><strong>taliter</strong></span> <span class='ocrx_word' id='word_1_562' title='bbox 973 4208 1054 4281; x_wconf 89' lang='lat' dir='ltr'><strong>liguo</strong></span> <span class='ocrx_word' id='word_1_563' title='bbox 1069 4206 1204 4274; x_wconf 83' lang='lat' dir='ltr'><strong>seduxit;</strong></span> <span class='ocrx_word' id='word_1_564' title='bbox 1220 4209 1250 4262; x_wconf 88' lang='lat' dir='ltr'><strong>et</strong></span> <span class='ocrx_word' id='word_1_565' title='bbox 1264 4203 1334 4276; x_wconf 89' lang='lat' dir='ltr'><strong>quia</strong></span> <span class='ocrx_word' id='word_1_566' title='bbox 1349 4218 1430 4258; x_wconf 92' lang='lat' dir='ltr'><strong>mors</strong></span> <span class='ocrx_word' id='word_1_567' title='bbox 1445 4200 1614 4274; x_wconf 87' lang='lat' dir='ltr'><strong>paradisum</strong></span> <span class='ocrx_word' id='word_1_568' title='bbox 1629 4199 1763 4268; x_wconf 87' lang='lat' dir='ltr'><strong>intravit,</strong></span> <span class='ocrx_word' id='word_1_569' title='bbox 1774 4204 1805 4256; x_wconf 89' lang='lat' dir='ltr'><strong>et</strong></span> 
     </span>
     <span class='ocr_line' id='line_1_46' title="bbox 51 4288 1801 4374; baseline -0.002 -27"><span class='ocrx_word' id='word_1_570' title='bbox 51 4371 54 4374; x_wconf 9' lang='grc' dir='ltr'><em>Α</em></span> <span class='ocrx_word' id='word_1_571' title='bbox 99 4292 297 4362; x_wconf 89' lang='lat' dir='ltr'><strong>obviantibus,</strong></span> <span class='ocrx_word' id='word_1_572' title='bbox 326 4293 424 4349; x_wconf 89' lang='lat' dir='ltr'><strong>divina</strong></span> <span class='ocrx_word' id='word_1_573' title='bbox 453 4294 599 4367; x_wconf 85' lang='lat' dir='ltr'><strong>sapientia</strong></span> <span class='ocrx_word' id='word_1_574' title='bbox 622 4294 813 4367; x_wconf 82' lang='lat' dir='ltr'><strong>cogitationes</strong></span> <span class='ocrx_word' id='word_1_575' title='bbox 841 4296 921 4368; x_wconf 84' lang='lat' dir='ltr'><strong>pacis</strong></span> <span class='ocrx_word' id='word_1_576' title='bbox 973 4295 1266 4368; x_wconf 79' lang='lat' dir='ltr'><strong>oolonosejeoit,vita</strong></span> <span class='ocrx_word' id='word_1_577' title='bbox 1289 4292 1449 4358; x_wconf 83' lang='lat' dir='ltr'><strong>internum,</strong></span> <span class='ocrx_word' id='word_1_578' title='bbox 1458 4291 1594 4363; x_wconf 84' lang='lat' dir='ltr'><strong>ingressa</strong></span> <span class='ocrx_word' id='word_1_579' title='bbox 1603 4293 1659 4355; x_wconf 86' lang='lat' dir='ltr'><strong>est,</strong></span> <span class='ocrx_word' id='word_1_580' title='bbox 1669 4288 1801 4361; x_wconf 87' lang='lat' dir='ltr'><strong>etoapti·</strong></span> 
     </span>
     <span class='ocr_line' id='line_1_47' title="bbox 98 4376 1805 4456; baseline -0.002 -19"><span class='ocrx_word' id='word_1_581' title='bbox 98 4381 218 4454; x_wconf 87' lang='lat' dir='ltr'><strong>provide</strong></span> <span class='ocrx_word' id='word_1_582' title='bbox 231 4383 390 4455; x_wconf 81' lang='lat' dir='ltr'><strong>rogitabat,</strong></span> <span class='ocrx_word' id='word_1_583' title='bbox 405 4388 434 4440; x_wconf 88' lang='lat' dir='ltr'><strong>et</strong></span> <span class='ocrx_word' id='word_1_584' title='bbox 446 4383 519 4440; x_wconf 88' lang='lat' dir='ltr'><strong>vidit</strong></span> <span class='ocrx_word' id='word_1_585' title='bbox 534 4383 612 4456; x_wconf 91' lang='lat' dir='ltr'><strong>quod</strong></span> <span class='ocrx_word' id='word_1_586' title='bbox 629 4383 747 4455; x_wconf 84' lang='lat' dir='ltr'><strong>justitia</strong></span> <span class='ocrx_word' id='word_1_587' title='bbox 756 4384 921 4452; x_wconf 83' lang='lat' dir='ltr'><strong>lederetur,</strong></span> <span class='ocrx_word' id='word_1_588' title='bbox 973 4385 1139 4443; x_wconf 84' lang='lat' dir='ltr'><strong>voseduxit</strong></span> <span class='ocrx_word' id='word_1_589' title='bbox 1164 4388 1285 4440; x_wconf 77' lang='lat' dir='ltr'><strong>Mortem</strong></span> <span class='ocrx_word' id='word_1_590' title='bbox 1313 4381 1392 4455; x_wconf 88' lang='lat' dir='ltr'><strong>gitur</strong></span> <span class='ocrx_word' id='word_1_591' title='bbox 1420 4380 1457 4437; x_wconf 91' lang='lat' dir='ltr'><strong>de</strong></span> <span class='ocrx_word' id='word_1_592' title='bbox 1483 4383 1583 4435; x_wconf 90' lang='lat' dir='ltr'><strong>nostra</strong></span> <span class='ocrx_word' id='word_1_593' title='bbox 1625 4376 1805 4435; x_wconf 85' lang='lat' dir='ltr'><strong>mortalitate</strong></span> 
     </span>
    </p>
   </div>
   <div class='ocr_carea' id='block_1_3' title="bbox 1 4464 1805 4636">
    <p class='ocr_par' dir='ltr' id='par_1_3' title="bbox 1 4464 1805 4636">
     <span class='ocr_line' id='line_1_48' title="bbox 7 4464 1805 4546; baseline -0.003 -20"><span class='ocrx_word' id='word_1_594' title='bbox 7 4464 11 4471; x_wconf 82' lang='grc'><strong>’</strong></span> <span class='ocrx_word' id='word_1_595' title='bbox 97 4469 156 4526; x_wconf 89' lang='lat' dir='ltr'><strong>nisi</strong></span> <span class='ocrx_word' id='word_1_596' title='bbox 167 4470 319 4528; x_wconf 84' lang='lat' dir='ltr'><strong>suttluiens</strong></span> <span class='ocrx_word' id='word_1_597' title='bbox 334 4488 421 4545; x_wconf 84' lang='lat' dir='ltr'><strong>poena</strong></span> <span class='ocrx_word' id='word_1_598' title='bbox 435 4489 486 4544; x_wconf 93' lang='lat' dir='ltr'><strong>pro</strong></span> <span class='ocrx_word' id='word_1_599' title='bbox 503 4473 642 4530; x_wconf 90' lang='lat' dir='ltr'><strong>omnibus</strong></span> <span class='ocrx_word' id='word_1_600' title='bbox 664 4475 844 4543; x_wconf 87' lang='lat' dir='ltr'><strong>solveretur;</strong></span> <span class='ocrx_word' id='word_1_601' title='bbox 866 4475 916 4531; x_wconf 89' lang='lat' dir='ltr'><strong>sed</strong></span> <span class='ocrx_word' id='word_1_602' title='bbox 933 4473 1114 4546; x_wconf 77' lang='lat' dir='ltr'><strong>nsnsoapit,</strong></span> <span class='ocrx_word' id='word_1_603' title='bbox 1130 4476 1159 4529; x_wconf 90' lang='lat' dir='ltr'><strong>at</strong></span> <span class='ocrx_word' id='word_1_604' title='bbox 1171 4473 1263 4528; x_wconf 82' lang='lat' dir='ltr'><strong>vitam</strong></span> <span class='ocrx_word' id='word_1_605' title='bbox 1278 4471 1364 4527; x_wconf 91' lang='lat' dir='ltr'><strong>nobis</strong></span> <span class='ocrx_word' id='word_1_606' title='bbox 1379 4471 1414 4526; x_wconf 85' lang='lat' dir='ltr'><strong>de</strong></span> <span class='ocrx_word' id='word_1_607' title='bbox 1429 4468 1489 4524; x_wconf 87' lang='lat' dir='ltr'><strong>vita</strong></span> <span class='ocrx_word' id='word_1_608' title='bbox 1511 4483 1565 4524; x_wconf 88' lang='lat' dir='ltr'><strong>sua</strong></span> <span class='ocrx_word' id='word_1_609' title='bbox 1590 4465 1732 4523; x_wconf 86' lang='lat' dir='ltr'><strong>restituit.</strong></span> <span class='ocrx_word' id='word_1_610' title='bbox 1762 4465 1805 4521; x_wconf 88' lang='lat' dir='ltr'><strong>Sit</strong></span> 
     </span>
     <span class='ocr_line' id='line_1_49' title="bbox 1 4555 1805 4636; baseline -0.003 -21"><span class='ocrx_word' id='word_1_611' title='bbox 1 4560 12 4635; x_wconf 32' lang='grc' dir='ltr'>Ἰ</span> <span class='ocrx_word' id='word_1_612' title='bbox 99 4559 489 4633; x_wconf 76' lang='lat' dir='ltr'><strong>misericordiaideperiret,</strong></span> <span class='ocrx_word' id='word_1_613' title='bbox 514 4562 538 4620; x_wconf 91' lang='lat' dir='ltr'><strong>si</strong></span> <span class='ocrx_word' id='word_1_614' title='bbox 576 4563 739 4636; x_wconf 87' lang='lat' dir='ltr'><strong>quemlibet</strong></span> <span class='ocrx_word' id='word_1_615' title='bbox 763 4564 923 4622; x_wconf 87' lang='lat' dir='ltr'><strong>suilloientl</strong></span> <span class='ocrx_word' id='word_1_616' title='bbox 976 4579 1046 4636; x_wconf 88' lang='lat' dir='ltr'><strong>ergo</strong></span> <span class='ocrx_word' id='word_1_617' title='bbox 1059 4559 1251 4636; x_wconf 80' lang='lat' dir='ltr'><strong>Christolaus</strong></span> <span class='ocrx_word' id='word_1_618' title='bbox 1265 4562 1295 4615; x_wconf 91' lang='lat' dir='ltr'><strong>et</strong></span> <span class='ocrx_word' id='word_1_619' title='bbox 1308 4558 1405 4615; x_wconf 90' lang='lat' dir='ltr'><strong>honor</strong></span> <span class='ocrx_word' id='word_1_620' title='bbox 1418 4561 1447 4613; x_wconf 89' lang='lat' dir='ltr'><strong>at</strong></span> <span class='ocrx_word' id='word_1_621' title='bbox 1461 4555 1557 4630; x_wconf 90' lang='lat' dir='ltr'><strong>gloria</strong></span> <span class='ocrx_word' id='word_1_622' title='bbox 1570 4555 1621 4627; x_wconf 91' lang='lat' dir='ltr'><strong>qui</strong></span> <span class='ocrx_word' id='word_1_623' title='bbox 1637 4570 1805 4626; x_wconf 86' lang='lat' dir='ltr'><strong>superom-</strong></span> 
     </span>
    </p>
   </div>
   <div class='ocr_carea' id='block_1_4' title="bbox 97 4641 1802 4815">
    <p class='ocr_par' dir='ltr' id='par_1_4' title="bbox 97 4641 1802 4815">
     <span class='ocr_line' id='line_1_50' title="bbox 98 4641 1802 4726; baseline -0.005 -18"><span class='ocrx_word' id='word_1_624' title='bbox 98 4668 184 4726; x_wconf 85' lang='lat' dir='ltr'><strong>poena</strong></span> <span class='ocrx_word' id='word_1_625' title='bbox 198 4652 324 4723; x_wconf 87' lang='lat' dir='ltr'><strong>puniret.</strong></span> <span class='ocrx_word' id='word_1_626' title='bbox 336 4653 410 4712; x_wconf 85' lang='lat' dir='ltr'><strong>Cum</strong></span> <span class='ocrx_word' id='word_1_627' title='bbox 425 4669 493 4726; x_wconf 88' lang='lat' dir='ltr'><strong>argo</strong></span> <span class='ocrx_word' id='word_1_628' title='bbox 507 4658 584 4711; x_wconf 85' lang='lat' dir='ltr'><strong>Deua</strong></span> <span class='ocrx_word' id='word_1_629' title='bbox 595 4656 698 4725; x_wconf 88' lang='lat' dir='ltr'><strong>justus</strong></span> <span class='ocrx_word' id='word_1_630' title='bbox 713 4653 752 4711; x_wconf 93' lang='lat' dir='ltr'><strong>sit</strong></span> <span class='ocrx_word' id='word_1_631' title='bbox 767 4658 796 4712; x_wconf 90' lang='lat' dir='ltr'><strong>et</strong></span> <span class='ocrx_word' id='word_1_632' title='bbox 811 4654 921 4711; x_wconf 90' lang='lat' dir='ltr'><strong>miseri·</strong></span> <span class='ocrx_word' id='word_1_633' title='bbox 977 4652 1027 4709; x_wconf 90' lang='lat' dir='ltr'><strong>nia</strong></span> <span class='ocrx_word' id='word_1_634' title='bbox 1055 4655 1102 4708; x_wconf 88' lang='lat' dir='ltr'><strong>est</strong></span> <span class='ocrx_word' id='word_1_635' title='bbox 1122 4649 1199 4707; x_wconf 80' lang='lat' dir='ltr'><strong>Deus</strong></span> <span class='ocrx_word' id='word_1_636' title='bbox 1220 4647 1393 4705; x_wconf 86' lang='lat' dir='ltr'><strong>benedietus</strong></span> <span class='ocrx_word' id='word_1_637' title='bbox 1423 4646 1454 4701; x_wconf 93' lang='lat' dir='ltr'><strong>in</strong></span> <span class='ocrx_word' id='word_1_638' title='bbox 1479 4643 1587 4701; x_wconf 80' lang='lat' dir='ltr'><strong>saoula</strong></span> <span class='ocrx_word' id='word_1_639' title='bbox 1615 4641 1802 4701; x_wconf 67' lang='lat' dir='ltr'><strong>seculorum.</strong></span> 
     </span>
     <span class='ocr_line' id='line_1_51' title="bbox 97 4742 1081 4815; baseline -0.004 -15"><span class='ocrx_word' id='word_1_640' title='bbox 97 4743 326 4811; x_wconf 86' lang='lat' dir='ltr'><strong>core,imooum</strong></span> <span class='ocrx_word' id='word_1_641' title='bbox 355 4742 395 4799; x_wconf 90' lang='lat' dir='ltr'><strong>sit</strong></span> <span class='ocrx_word' id='word_1_642' title='bbox 423 4742 626 4800; x_wconf 81' lang='lat' dir='ltr'><strong>miserirordia</strong></span> <span class='ocrx_word' id='word_1_643' title='bbox 653 4746 683 4800; x_wconf 89' lang='lat' dir='ltr'><strong>et</strong></span> <span class='ocrx_word' id='word_1_644' title='bbox 705 4742 833 4815; x_wconf 86' lang='lat' dir='ltr'><strong>Justitia,</strong></span> <span class='ocrx_word' id='word_1_645' title='bbox 869 4757 922 4799; x_wconf 87' lang='lat' dir='ltr'><strong>neo</strong></span> <span class='ocrx_word' id='word_1_646' title='bbox 975 4742 1081 4798; x_wconf 77' lang='lat' dir='ltr'><strong>Amen.</strong></span> 
     </span>
    </p>
   </div>
   <div class='ocr_carea' id='block_1_5' title="bbox 839 4965 1056 5037">
    <p class='ocr_par' dir='ltr' id='par_1_5' title="bbox 839 4965 1056 5037">
     <span class='ocr_line' id='line_1_52' title="bbox 839 4965 1056 5037; baseline -0.018 0"><span class='ocrx_word' id='word_1_647' title='bbox 839 4967 990 5037; x_wconf 81' lang='lat' dir='ltr'><strong>SERMO</strong></span> <span class='ocrx_word' id='word_1_648' title='bbox 1014 4965 1056 5034; x_wconf 91' lang='lat' dir='ltr'><strong>ll.</strong></span> 
     </span>
    </p>
   </div>
   <div class='ocr_carea' id='block_1_6' title="bbox 576 5072 1332 5236">
    <p class='ocr_par' dir='ltr' id='par_1_6' title="bbox 576 5072 1332 5236">
     <span class='ocr_line' id='line_1_53' title="bbox 747 5072 1153 5135; baseline -0.01 -4"><span class='ocrx_word' id='word_1_649' title='bbox 747 5073 783 5135; x_wconf 87' lang='grc' dir='ltr'><strong>ΙΝ</strong></span> <span class='ocrx_word' id='word_1_650' title='bbox 802 5074 927 5132; x_wconf 68' lang='lat' dir='ltr'><strong>EADEM</strong></span> <span class='ocrx_word' id='word_1_651' title='bbox 963 5072 1153 5132; x_wconf 71' lang='lat' dir='ltr'><strong>nouimus.</strong></span> 
     </span>
     <span class='ocr_line' id='line_1_54' title="bbox 576 5157 1332 5236; baseline -0.009 -14"><span class='ocrx_word' id='word_1_652' title='bbox 576 5170 617 5224; x_wconf 83' lang='lat' dir='ltr'><strong>De</strong></span> <span class='ocrx_word' id='word_1_653' title='bbox 631 5181 725 5223; x_wconf 78' lang='lat' dir='ltr'><strong>somno</strong></span> <span class='ocrx_word' id='word_1_654' title='bbox 743 5162 906 5233; x_wconf 70' lang='lat' dir='ltr'><strong>mutiplici,</strong></span> <span class='ocrx_word' id='word_1_655' title='bbox 922 5178 1005 5236; x_wconf 84' lang='lat' dir='ltr'><strong>uqvo</strong></span> <span class='ocrx_word' id='word_1_656' title='bbox 1019 5160 1188 5233; x_wconf 69' lang='lat' dir='ltr'><strong>torpendum</strong></span> <span class='ocrx_word' id='word_1_657' title='bbox 1198 5167 1237 5217; x_wconf 76' lang='lat' dir='ltr'><strong>eat</strong></span> <span class='ocrx_word' id='word_1_658' title='bbox 1250 5157 1332 5215; x_wconf 79' lang='grc' dir='ltr'><strong>ιιοὸἱι</strong></span> 
     </span>
    </p>
   </div>
   <div class='ocr_carea' id='block_1_7' title="bbox 134 5379 1808 5471">
    <p class='ocr_par' dir='ltr' id='par_1_7' title="bbox 134 5379 1808 5471">
     <span class='ocr_line' id='line_1_55' title="bbox 134 5379 1808 5471; baseline -0.012 -14"><span class='ocrx_word' id='word_1_659' title='bbox 134 5402 206 5458; x_wconf 83' lang='lat' dir='ltr'><strong>Hora</strong></span> <span class='ocrx_word' id='word_1_660' title='bbox 226 5400 329 5471; x_wconf 75' lang='lat' dir='ltr'><strong>rujam</strong></span> <span class='ocrx_word' id='word_1_661' title='bbox 351 5414 401 5455; x_wconf 78' lang='lat' dir='ltr'><strong>uos</strong></span> <span class='ocrx_word' id='word_1_662' title='bbox 421 5397 455 5454; x_wconf 74' lang='lat' dir='ltr'><strong>de</strong></span> <span class='ocrx_word' id='word_1_663' title='bbox 480 5409 574 5452; x_wconf 74' lang='lat' dir='ltr'><strong>semro</strong></span> <span class='ocrx_word' id='word_1_664' title='bbox 593 5407 717 5466; x_wconf 78' lang='lat' dir='ltr'><strong>sarpere.</strong></span> <span class='ocrx_word' id='word_1_665' title='bbox 742 5392 821 5450; x_wconf 82' lang='lat' dir='ltr'><strong>Nunc</strong></span> <span class='ocrx_word' id='word_1_666' title='bbox 847 5393 923 5448; x_wconf 81' lang='lat' dir='ltr'><strong>enim</strong></span> <span class='ocrx_word' id='word_1_667' title='bbox 1013 5386 1197 5462; x_wconf 73' lang='lat' dir='ltr'><strong>significatio</strong></span> <span class='ocrx_word' id='word_1_668' title='bbox 1213 5385 1310 5443; x_wconf 92' lang='lat' dir='ltr'><strong>somni</strong></span> <span class='ocrx_word' id='word_1_669' title='bbox 1325 5382 1488 5441; x_wconf 82' lang='lat' dir='ltr'><strong>multitaria</strong></span> <span class='ocrx_word' id='word_1_670' title='bbox 1503 5380 1698 5455; x_wconf 87' lang='lat' dir='ltr'><strong>spargituriu</strong></span> <span class='ocrx_word' id='word_1_671' title='bbox 1726 5379 1808 5438; x_wconf 84' lang='lat' dir='ltr'><strong>Seri·</strong></span> 
     </span>
    </p>
   </div>
   <div class='ocr_carea' id='block_1_8' title="bbox 98 5471 1806 5655">
    <p class='ocr_par' dir='ltr' id='par_1_8' title="bbox 98 5471 1806 5655">
     <span class='ocr_line' id='line_1_56' title="bbox 98 5471 1806 5564; baseline -0.013 -19"><span class='ocrx_word' id='word_1_672' title='bbox 98 5488 210 5564; x_wconf 82' lang='lat' dir='ltr'><strong>propior</strong></span> <span class='ocrx_word' id='word_1_673' title='bbox 247 5493 287 5545; x_wconf 83' lang='lat' dir='ltr'><strong>est</strong></span> <span class='ocrx_word' id='word_1_674' title='bbox 327 5496 422 5545; x_wconf 78' lang='lat' dir='ltr'><strong>oestro</strong></span> <span class='ocrx_word' id='word_1_675' title='bbox 444 5486 521 5543; x_wconf 82' lang='lat' dir='ltr'><strong>salas</strong></span> <span class='ocrx_word' id='word_1_676' title='bbox 552 5499 635 5557; x_wconf 81' lang='lat' dir='ltr'><strong>qvam</strong></span> <span class='ocrx_word' id='word_1_677' title='bbox 662 5498 727 5539; x_wconf 84' lang='lat' dir='ltr'><strong>cvm</strong></span> <span class='ocrx_word' id='word_1_678' title='bbox 754 5480 923 5539; x_wconf 56' lang='lat' dir='ltr'><strong>&amp;edidimus</strong></span> <span class='ocrx_word' id='word_1_679' title='bbox 976 5477 1083 5552; x_wconf 82' lang='lat' dir='ltr'><strong>pturis.</strong></span> <span class='ocrx_word' id='word_1_680' title='bbox 1100 5474 1221 5548; x_wconf 77' lang='lat' dir='ltr'><strong>Legitur</strong></span> <span class='ocrx_word' id='word_1_681' title='bbox 1234 5473 1315 5532; x_wconf 90' lang='lat' dir='ltr'><strong>enim</strong></span> <span class='ocrx_word' id='word_1_682' title='bbox 1331 5471 1530 5529; x_wconf 80' lang='lat' dir='ltr'><strong>somnusvltes</strong></span> <span class='ocrx_word' id='word_1_683' title='bbox 1545 5475 1575 5527; x_wconf 89' lang='lat' dir='ltr'><strong>et</strong></span> <span class='ocrx_word' id='word_1_684' title='bbox 1585 5485 1710 5527; x_wconf 89' lang='lat' dir='ltr'><strong>somnus</strong></span> <span class='ocrx_word' id='word_1_685' title='bbox 1723 5485 1806 5527; x_wconf 87' lang='lat' dir='ltr'><strong>mor·</strong></span> 
     </span>
     <span class='ocr_line' id='line_1_57' title="bbox 98 5557 1805 5655; baseline -0.014 -16"><span class='ocrx_word' id='word_1_686' title='bbox 98 5581 187 5655; x_wconf 62' lang='lat' dir='ltr'><strong>(Rom,</strong></span> <span class='ocrx_word' id='word_1_687' title='bbox 202 5580 280 5652; x_wconf 83' lang='lat' dir='ltr'><strong>sur).</strong></span> <span class='ocrx_word' id='word_1_688' title='bbox 976 5567 1026 5625; x_wconf 86' lang='lat' dir='ltr'><strong>tta.</strong></span> <span class='ocrx_word' id='word_1_689' title='bbox 1042 5571 1144 5636; x_wconf 80' lang='lat' dir='ltr'><strong>Porro,</strong></span> <span class='ocrx_word' id='word_1_690' title='bbox 1159 5563 1236 5621; x_wconf 88' lang='lat' dir='ltr'><strong>siout</strong></span> <span class='ocrx_word' id='word_1_691' title='bbox 1255 5561 1362 5636; x_wconf 82' lang='lat' dir='ltr'><strong>triplos</strong></span> <span class='ocrx_word' id='word_1_692' title='bbox 1373 5563 1418 5618; x_wconf 89' lang='lat' dir='ltr'><strong>est</strong></span> <span class='ocrx_word' id='word_1_693' title='bbox 1444 5560 1514 5628; x_wconf 83' lang='lat' dir='ltr'><strong>vita,</strong></span> <span class='ocrx_word' id='word_1_694' title='bbox 1539 5557 1685 5631; x_wconf 80' lang='lat' dir='ltr'><strong>videlieet,</strong></span> <span class='ocrx_word' id='word_1_695' title='bbox 1699 5573 1805 5633; x_wconf 86' lang='lat' dir='ltr'><strong>eorpo-</strong></span> 
     </span>
    </p>
   </div>
   <div class='ocr_carea' id='block_1_9' title="bbox 0 0 1915 5986">
    <p class='ocr_par' dir='ltr' id='par_1_9' title="bbox 0 0 1915 5986">
     <span class='ocr_line' id='line_1_58' title="bbox 0 0 1915 5986; baseline 0 0"><span class='ocrx_word' id='word_1_696' title='bbox 0 0 1915 5986; x_wconf 95' lang='lat' dir='ltr'><strong> </strong></span> 
     </span>
    </p>
   </div>
  </div>
 </body>
</html>
