3796 5986
80 237 140 295 757
736 236 804 291 us.
824 234 873 291 DE
892 235 1145 299 omniomnis.
1740 245 1795 302 758

10 350 26 387 ·“
80 362 158 420 illud
173 359 346 435 (Muttini).
356 381 369 411 u
380 360 410 418 Si
425 362 525 417 tamon
542 360 678 433 parentes
697 357 858 429 indigeant,
870 357 913 414 eis
927 361 955 427 Α
969 377 1026 416 non
1043 365 1177 435 postulet
1192 367 1319 440 veniam,
1335 368 1395 425 sive
1410 367 1581 438 satisfaciat,
1598 368 1657 426 sivo
1672 386 1730 428 noo
1746 386 1792 427 sa·

10 454 20 473 ·'
77 451 166 510 credo
182 450 280 524 potius
298 451 541 515 succurrendum,
559 453 678 522 propter
690 446 765 504 illud
783 445 911 507 sosoiale
966 448 1104 527 tisiacint,
1121 456 1156 512 de
1174 458 1286 514 offensa
1301 458 1390 516 debes
1404 458 1524 516 omnino
1538 459 1697 531 dimittere,
1723 476 1791 519 cum

10 532 22 559 ⁵
77 538 442 600 mandalumsstflotwffl
467 543 582 611 pafrem
609 541 706 603 tuum,
732 541 760 593 ⁰1
785 541 910 593 multem
963 555 998 595 ux
1028 548 1171 616 precepto
1200 546 1298 602 divino
1327 547 1455 604 tenearis
1481 547 1602 620 diligere
1625 548 1787 606 inimicum.

10 646 16 653 ·
78 636 163 690 tuam
177 629 279 703 (suco.
296 631 353 700 xx).
369 651 385 680 a
401 627 482 693 Quod
500 644 558 683 uon
574 631 689 683 tantum
714 626 750 682 sd
772 642 907 683 reveren·
962 629 1045 685 Unde
1059 631 1189 691 loannes
1205 637 1357 707 apostolus
1373 636 1414 692 sit
1430 654 1436 693 :
1454 658 1468 687 α
1485 637 1539 701 Qui
1556 637 1675 694 fratrem
1699 652 1788 696 suum

10 708 20 745 ²·
76 722 152 779 tiam
168 719 521 790 exhibendam,quantum
537 716 573 772 ad
591 715 756 788 impensam
767 720 907 788 prasian—
961 718 1032 787 odit,
1051 720 1376 793 homicidaest(lfoun.
1387 726 1440 797 ιιι).
1459 747 1473 775 a
1487 726 1602 797 optima
1613 728 1787 798 igitureloe.

10 826 18 835 ·
75 812 146 868 dam
163 808 292 866 creditur
308 804 620 880 promulgatumlicet
635 819 703 877 ergo
720 805 906 861 benefecicn-
960 823 1083 881 mosyna
1098 816 1143 868 est
1158 812 1312 887 indulgere
1329 815 1528 886 peccantibus,
1540 815 1690 872 dimittere
1704 817 1787 874 debi-

72 901 147 957 dum
171 899 211 956 sit
235 895 410 970 generaliter
435 894 574 951 omnibus
599 892 750 966 proximis,
776 894 905 966 emplius
959 897 1083 967 toribus,
1109 906 1138 957 et
1160 903 1277 959 miseris
1303 904 1449 960 misereri.
1464 909 1506 961 De
1521 905 1704 976 quiveritis
1721 907 1784 964 uit:

13 980 16 985 ⁸
70 999 173 1047 minen
189 987 275 1045 bonis
290 1002 380 1059 quam
397 982 599 1056 malis,justis
615 999 705 1056 quern
721 983 832 1055 impiis,
847 983 904 1040 nisi
959 1007 973 1035 α
988 986 1141 1059 omittite,
1158 996 1186 1047 et
1201 992 1367 1050 dimittetur
1380 994 1660 1066 vobisttubvrt-a
1673 998 1783 1055 —«Mi.

10 1072 18 1105 ·²
71 1080 183 1152 regule
198 1075 327 1151 generali
344 1074 480 1131 detrahat
495 1072 596 1146 aliqua
610 1071 745 1144 specialis
760 1073 903 1145 exceptio,
956 1078 1145 1137 sericordiam
1161 1086 1260 1138 antem
1286 1083 1362 1153 volo,
1389 1101 1447 1140 oon
1472 1085 1649 1142 sacrificium
1675 1088 1779 1159 (dura.

71 1166 312 1225 circumstantiis
326 1163 508 1239 ponderetis,
525 1162 776 1235 quemadmodum
804 1160 901 1234 praeli·
954 1165 1005 1237 rx),
1019 1188 1033 1215 a
1048 1197 1083 1208 -
1097 1190 1112 1218 ι(
1127 1169 1363 1227 Misericordiam
1376 1187 1505 1244 namque
1517 1173 1717 1244 superexultat
1728 1178 1780 1248 ju.

13 1250 16 1286 ²
50 1242 148 1315 'bavi
167 1257 241 1314 lllud
257 1264 355 1312 autem
371 1253 449 1328 quod
475 1252 604 1326 legitur:
623 1251 751 1308 Desudet
774 1250 899 1308 eleemo·
954 1253 1064 1313 dicium
1080 1258 1146 1329 (luc.
1165 1260 1215 1330 11);
1231 1282 1247 1311 a
1263 1264 1292 1315 et
1308 1278 1315 1316 :
1332 1284 1345 1311 a
1362 1260 1441 1316 Beati
1463 1259 1680 1334 mariammes,
1704 1281 1778 1337 quo.

67 1364 144 1421 syna
159 1352 210 1403 tua
225 1347 255 1402 in
272 1360 362 1402 manu
377 1347 440 1412 tua,
455 1342 548 1399 donec
564 1339 697 1398 invenias
708 1340 827 1412 justum
852 1340 898 1397 oui
953 1341 1032 1399 niem
1043 1343 1100 1417 ipsi
1111 1346 1343 1405 misericordiam
1355 1353 1573 1423 consequentur
1587 1350 1690 1421 (lluttlr.
1706 1354 1745 1426 v).
1761 1376 1777 1405 »

10 1430 13 1453 ἶ
68 1436 123 1494 des
137 1437 234 1509 (dccli.
251 1434 314 1506 an),
328 1433 413 1506 juxta
427 1431 533 1487 litterae
553 1429 808 1486 circumstantiam
833 1445 898 1501 por·

83 1524 90 1539 ‚
270 1524 275 1534 ,
479 1519 485 1532 ,
726 1519 731 1530 ,
811 1517 817 1529 ,
877 1518 883 1531 ,
987 1466 1088 1525 Restat
1103 1470 1272 1539 dicendum,
1287 1473 1323 1529 de
1338 1474 1447 1545 quibus
1462 1473 1501 1529 sit
1522 1472 1707 1548 eleemosyna
1732 1477 1777 1534 fa·

66 1525 195 1582 trusted
211 1522 407 1581 exhibendam
424 1520 569 1576 decimam
587 1519 743 1587 sacerdoti,
762 1522 795 1575 nt
809 1535 835 1575 rs
859 1522 897 1575 sit

950 1556 1191 1616 cienda.Videtur
1205 1561 1335 1633 profecto
1350 1562 1385 1618 de
1400 1562 1446 1619 bis
1462 1579 1527 1634 quos
1535 1564 1617 1635 juste
1627 1565 1773 1637 possides,

65 1613 174 1672 litterae
187 1629 294 1671 seusus
311 1628 318 1667 τ
335 1615 431 1666 Donec
447 1607 581 1665 invenias
592 1608 708 1680 justum
724 1607 771 1662 coi
787 1608 849 1676 des,
865 1606 894 1662 id

64 1707 114 1761 est
124 1702 306 1760 sacerdotem
317 1700 364 1756 oui
376 1698 550 1755 debes.Nam
563 1696 699 1753 sacerdos
710 1700 814 1768 proter
824 1712 894 1767 pre·
908 1719 932 1785 Β

64 1793 294 1866 ceptumjustus
305 1805 370 1848 esse
380 1791 630 1861 tenetur,propter
643 1784 892 1858 officiumquem·

62 1882 111 1940 vis
121 1883 151 1939 in
165 1881 343 1956 quibusdam
358 1876 509 1936 codicibus
525 1875 699 1947 sltjostum.
715 1874 808 1931 iudei
824 1891 892 1931 vero

62 1977 127 2031 tres
142 1972 271 2030 decimas
286 1968 465 2038 dividebant,
483 1983 557 2040 quas
571 1967 600 2022 et
613 1963 814 2038 eleemosynas
839 1980 890 2037 ap·

62 2062 227 2136 pellebant,
241 2062 277 2117 ds
292 2057 401 2133 quibus
414 2058 451 2114 ad
468 2071 596 2129 presens
611 2071 669 2111 oon
685 2058 730 2111 est
744 2053 891 2111 disseren-

63 2152 149 2209 dum.
167 2150 248 2218 Quod
266 2153 364 2206 autem
378 2145 448 2204 alibi
463 2143 572 2218 legitur
586 2160 594 2200 τ
609 2167 623 2196 «
640 2143 681 2200 Da
696 2143 889 2212 misericordi,

63 2246 93 2299 et
108 2257 144 2298 oe
160 2239 306 2313 suscipias
320 2240 533 2312 peccatoremp»
544 2237 573 2290 st
587 2232 693 2290 iterum
712 2249 718 2288 :
735 2254 749 2283 «
767 2232 890 2289 Benefno

63 2329 182 2398 humili,
200 2333 275 2386 etno
285 2325 401 2385 dederis
413 2324 504 2396 impio
514 2322 620 2396 (ibid),
632 2344 646 2373 a
657 2338 728 2379 sane
742 2320 829 2379 debet
843 2320 889 2377 in-

61 2418 253 2492 telligiluxta
269 2416 398 2486 regulam
414 2412 496 2470 illam
513 2430 520 2469 :
536 2412 585 2469 Sic
597 2409 738 2484 diligendi
755 2417 825 2468 sunt
840 2411 888 2468 ho·

62 2506 169 2576 mines,
179 2512 212 2563 ut
226 2521 326 2563 eorum
342 2519 400 2561 non
413 2501 574 2576 diligantur
588 2517 712 2558 errores.
725 2500 805 2559 Unde
821 2516 887 2574 pec·

62 2596 332 2671 catorprohibotor
352 2592 476 2667 suscipi,
502 2595 531 2648 et
551 2590 644 2664 impio
670 2590 733 2646 dari
760 2595 887 2659 vetatur,

60 2684 198 2743 videlicet
209 2700 244 2740 oe
256 2699 307 2756 por
321 2680 539 2754 susceptionem
554 2678 601 2735 rel
616 2679 764 2736 dationem
780 2679 888 2750 bolus·

949 1647 1771 1727 etrationabiliteracquisisti,secundumilludSapieo·

946 1734 984 1791 tis
999 1753 1006 1791 :
1024 1737 1117 1794 «Noli
1133 1740 1236 1796 offerre
1250 1757 1374 1797 munera
1390 1758 1476 1814 provo
1491 1759 1498 1797 τ
1515 1759 1574 1798 non
1598 1744 1677 1800 enim
1700 1761 1769 1803 sus·
1833 1736 1837 1743 ¹

946 1824 1034 1896 cipiet
1045 1826 1095 1882 illa
1108 1831 1183 1884 Deus
1194 1829 1290 1897 (Eccli.
1300 1831 1395 1902 xxxvl.
1407 1852 1420 1880 a
1430 1833 1520 1886 ltem:
1534 1831 1610 1898 «Qui
1625 1833 1711 1890 offert
1724 1850 1770 1890 se·

946 1914 1088 1971 orificium
1104 1917 1141 1971 de
1156 1920 1259 1989 rapina
1274 1919 1423 1990 pauperis,
1439 1936 1472 1975 eo
1488 1919 1512 1975 si
1529 1919 1658 1977 victimet
1672 1920 1767 1981 filium

944 2002 974 2058 io
990 2010 1147 2078 conspectu
1164 2007 1256 2079 patris
1271 2007 1366 2079 (ticeli.
1378 2009 1503 2080 xrxrvl.»
1519 2009 1633 2067 Rursus
1650 2026 1657 2066 τ
1675 2035 1685 2061 ι
1703 2012 1768 2070 Non

943 2094 1092 2151 olferesin
1112 2096 1199 2152 domo
1225 2099 1340 2153 Domini
1364 2098 1414 2154 Dei
1440 2099 1482 2153 toi
1507 2101 1635 2171 pretium
1659 2101 1768 2175 cernis,

944 2187 995 2238 aut
1021 2186 1185 2241 mercedem
1217 2187 1372 2259 prostibuli
1401 2188 1492 2260 (licut.
1515 2191 1607 2260 xxnr).
1634 2211 1648 2239 a
1678 2190 1769 2249 Multa

943 2276 1015 2328 sunt
1028 2273 1098 2329 talia
1113 2274 1142 2329 in
1158 2275 1329 2347 scripturis,
1345 2276 1396 2331 sed
1420 2277 1478 2332 ista
1501 2278 1673 2348 sufficiunt3
1699 2280 1768 2352 quio

943 2382 957 2410 «
970 2361 1000 2417 in
1012 2377 1060 2417 ore
1071 2363 1198 2419 duorum
1214 2368 1264 2419 aut
1281 2365 1370 2421 trium
1392 2365 1514 2422 testium
1533 2369 1591 2422 stat
1606 2383 1692 2425 omne
1704 2384 1769 2425 ver·

942 2449 1012 2507 bum
1028 2452 1117 2524 (usur.
1133 2453 1215 2526 xvn).
1232 2475 1247 2504 a
1263 2454 1446 2510 Contrarium
1461 2460 1557 2511 autem
1572 2456 1687 2513 videtur
1710 2458 1768 2515 Do-

943 2540 1041 2596 minus
1057 2541 1086 2596 in
1103 2540 1258 2614 Evangelio
1271 2542 1408 2600 docuisse
1426 2559 1433 2598 r
1450 2565 1464 2593 α
1481 2543 1589 2613 Facite,
1615 2545 1766 2619 inquiens,
1868 2558 1871 2621 [

941 2630 1024 2687 vobis
1035 2631 1145 2689 amicos
1156 2632 1192 2689 de
1202 2649 1373 2690 mammona
1387 2633 1563 2704 iniquitatis,
1575 2642 1615 2701 ut,
1631 2651 1700 2691 cum
1714 2637 1768 2694 de·

941 2720 1079 2789 feceritis,
1095 2720 1240 2794 recipiant
1253 2737 1304 2778 vos
1318 2722 1348 2777 iu
1364 2726 1473 2779 eterna
1485 2722 1675 2781 tabernacula
1688 2726 1765 2799 (luc.

63 2774 145 2832 modi
157 2775 289 2833 foveatur
302 2771 414 2845 impius
428 2769 458 2825 in
474 2772 603 2842 peccato.
619 2767 684 2824 Non
698 2784 768 2842 ergo
782 2769 886 2825 sobre·

62 2863 205 2921 nicodum
218 2860 382 2920 esttalibus
395 2859 549 2918 occasione
564 2856 692 2914 fovendo
707 2857 816 2931 culpae;
833 2857 885 2915 sed

59 2953 294 3011 subveniendum
307 2950 405 3008 esteis
420 2949 533 3007 ratione
548 2946 753 3006 sustentanda,
763 2951 883 3004 nature.

939 2811 1010 2880 xvi).
1026 2831 1040 2861 a
1058 2811 1089 2866 lo
1106 2810 1311 2868 Ecclesiastico
1327 2827 1445 2884 quoque
1457 2809 1582 2884 legitur:
1594 2836 1605 2861 ι
1618 2812 1683 2871 Noli
1698 2832 1766 2873 ara·

940 2915 990 2955 ros
1005 2915 1071 2956 esse
1086 2898 1116 2954 in
1131 2898 1242 2956 divitiis
1259 2900 1379 2971 injustis
1395 2899 1490 2971 (Eucti.
1506 2901 1546 2972 v).
1562 2924 1577 2952 »
1593 2905 1702 2960 Verum
1718 2904 1765 2960 in·

940 2992 1030 3045 terea
1046 3004 1109 3063 qure
1124 2987 1320 3061 acquiruntur
1333 2989 1455 3061 injuste,
1480 2991 1614 3061 quedam
1640 2997 1711 3050 sunt
1733 2994 1766 3051 in

94 3079 238 3136 usurum
254 3074 376 3133 solerter
389 3073 601 3147 attende,quod
616 3073 674 3130 nisi
685 3066 921 3158 dederis'eleec
940 3076 1049 3149 quibus
1060 3077 1236 3134 transfertur
1250 3077 1427 3145 dominium,
1443 3078 1578 3150 quadam
1601 3079 1632 3136 in
1657 3081 1766 3153 quibus

59 3185 216 3243 mosynam
230 3167 338 3236 cordis,
354 3167 432 3223 Deus
447 3181 505 3221 oon
520 3168 654 3237 acceptat
667 3163 884 3238 eleemosynam
940 3183 997 3223 non
1009 3166 1196 3223 transfertur.
1222 3168 1259 3223 [le
1272 3165 1330 3223 illis
1345 3182 1412 3239 ergo
1423 3166 1452 3223 iu
1465 3168 1573 3240 qulbus
1588 3172 1766 3230 transfertur

59 3259 235 3334 operis,ipsu
251 3260 409 3315 attestante
424 3254 475 3329 qui
491 3253 554 3311 ait:
574 3272 586 3302 ι
602 3253 632 3310 Si
648 3253 822 3311 dimiseritis
836 3253 887 3311 bo·
940 3255 1116 3327 dominium,
1132 3261 1166 3311 ut
1179 3255 1209 3310 in
1227 3255 1432 3328 negotiatione,
1448 3256 1595 3313 militiast
1610 3258 1765 3330 hujusmo-

60 3349 194 3407 minibus
210 3351 329 3421 peccata
344 3360 458 3411 eorum,
473 3343 602 3400 dimittet
616 3341 698 3399 robis
720 3347 806 3400 Pater
828 3359 890 3422 ote-,-
940 3344 968 3400 di
986 3344 1650 3419 licitepotesteleemosynaerogari,quia,cnm
1661 3351 1765 3407 eliceto

60 3439 144 3496 lestis
159 3436 267 3494 delicta
279 3434 418 3493 vestra.Si
434 3438 533 3490 autem
550 3423 616 3489 noo'
624 3431 808 3502 dimiseritis,
833 3435 886 3490 ned
940 3434 1001 3492 sint
1013 3433 1146 3501 tna,lioet
1160 3434 1318 3490 oflendcris
1333 3434 1436 3490 illicite
1451 3436 1702 3508 acquirendo,jam
1721 3443 1764 3496 ta-

60 3529 148 3587 Pater
158 3533 253 3584 vester
266 3524 349 3582 vobis
363 3523 495 3580 dimittet
519 3521 633 3593 (Metti.
657 3522 707 3594 vr).
733 3520 780 3577 Sic
805 3522 884 3578 enim
939 3540 1005 3580 raon
1021 3523 1105 3596 quasi
1121 3524 1158 3578 de
1174 3524 1242 3593 tuis,
1258 3523 1338 3579 licite
1352 3525 1461 3594 poteris
1484 3540 1613 3597 oregore.
1639 3526 1680 3583 De
1703 3526 1762 3585 illis

59 3617 162 3676 docuit
175 3620 204 3673 et
218 3614 357 3689 precepit
369 3629 453 3670 orare
469 3629 476 3670 :
493 3633 507 3663 «
533 3611 654 3667 Dimitte
679 3609 764 3667 nobis
787 3611 886 3669 debita
939 3616 1038 3671 eutem
1054 3611 1084 3667 in
1101 3611 1209 3684 quibus
1221 3611 1386 3669 dominium
1402 3628 1460 3668 non
1476 3615 1664 3688 transfertur,
1679 3620 1713 3673 ut
1726 3616 1763 3677 de

59 3711 172 3775 nostra,
188 3705 266 3763 siout
277 3708 370 3760 etnos
380 3702 562 3759 dimittimus
577 3699 760 3757 debitoribus
775 3700 884 3759 nostris
938 3700 1027 3772 furto,
1039 3701 1143 3773 rapina
1157 3701 1309 3773 sacrilegio
1324 3705 1355 3758 et
1371 3718 1471 3770 usura,
1481 3719 1540 3758 non
1555 3701 1621 3760 licet
1635 3704 1762 3764 eleemo-

58 3796 190 3870 (llud.).»
205 3792 414 3865 propterquod
428 3794 458 3847 io
468 3791 570 3848 eodem
582 3806 718 3848 sermone
733 3789 795 3863 ipse
811 3807 884 3862 pru·
938 3807 1042 3865 synam
1058 3806 1197 3864 erogare;
1213 3790 1294 3863 quia,
1308 3807 1374 3848 cum
1389 3789 1450 3848 sint
1464 3791 1568 3862 aliona,
1585 3809 1643 3850 oon
1658 3798 1764 3861 tuate·

56 3889 196 3959 ceperat:
214 3907 229 3935 a
245 3881 275 3939 si
289 3882 376 3939 ulfers
392 3897 502 3937 munus
517 3884 601 3936 tuum
618 3878 653 3935 ad
669 3877 770 3950 altaro,
791 3884 819 3935 at
842 3879 883 3937 ibi
937 3880 1016 3937 neris
1031 3897 1064 3938 ea
1080 3880 1138 3947 his,
1152 3897 1279 3954 quorum
1295 3885 1376 3950 suot,
1391 3881 1556 3952 restituere,
1579 3899 1637 3939 non
1662 3889 1760 3942 autem

56 3975 229 4032 recordatus
245 3971 336 4030 fueris
355 3970 427 4044 qula
447 3970 538 4027 irater
563 3973 633 4026 tuns
656 3968 746 4025 babet
769 3968 882 4042 aliquid
936 3986 970 4026 ea
986 3970 1085 4027 invitis
1101 3970 1231 4026 dominis
1242 3974 1433 4027 contrectare.
1449 3972 1531 4028 Unde
1539 3971 1678 4029 Zucbeus
1688 3974 1763 4033 bene

57 4064 215 4122 adversum
231 4067 271 4134 te,
287 4077 396 4134 repone
411 4060 452 4116 ibi
468 4075 579 4116 munus
594 4062 679 4115 tuum
694 4062 763 4114 ante
778 4057 881 4126 altare,
936 4059 1094 4116 distinxit:
1112 4083 1126 4113 a
1142 4061 1225 4130 llcce,
1241 4059 1508 4131 inquit,dirnidium
1525 4061 1669 4117 bonorum
1684 4079 1761 4121 meu·

54 4154 167 4212 etvado
177 4153 258 4226 prius
269 4148 452 4209 reconciliari
463 4149 546 4206 fratri
560 4152 621 4220 tuo,
631 4151 740 4205 ettuno
750 4148 881 4219 veniens,
935 4165 1000 4206 rum
1018 4149 1055 4205 do
1071 4149 1293 4222 pauperibus,ct
1305 4148 1330 4204 si
1346 4148 1417 4220 quid
1434 4148 1563 4221 aliquem
1578 4150 1760 4225 defraudavi,

54 4243 160 4300 olferes
176 4258 286 4300 munus
310 4244 395 4297 tuum
420 4239 530 4310 (lfuttli.
554 4238 593 4310 v).
619 4258 634 4289 a
659 4236 748 4293 Vides
771 4241 882 4309 aperte,
935 4239 1025 4294 reddo
1040 4236 1240 4311 quadruplum
1261 4239 1336 4309 (Luc.
1362 4237 1430 4310 xix).
1458 4257 1471 4288 a
1496 4238 1578 4304 Quod
1601 4243 1700 4296 autem
1724 4242 1761 4299 de

53 4332 134 4406 quod
149 4331 228 4389 Deos
243 4348 302 4388 non
319 4327 464 4402 approbat
478 4343 587 4384 monus
603 4326 711 4398 operis,
722 4325 781 4382 nisi
797 4326 879 4398 prius
935 4343 1104 4383 mammona
1118 4326 1286 4399 iniquitatis
1307 4327 1337 4380 in
1358 4325 1516 4399 Evangelio
1537 4327 1613 4399 (tue.
1637 4330 1707 4401 xvi),
1731 4336 1762 4388 et

54 4422 161 4479 offeras
176 4436 287 4477 munus
312 4419 421 4476 cordis.
446 4416 668 4488 Eleemosyoam
691 4430 758 4472 vero
782 4417 879 4473 cordis
895 4463 918 4528 D
934 4416 1012 4488 qnod
1029 4416 1064 4472 ds
1080 4415 1189 4471 divitiis
1204 4414 1323 4486 injustis
1339 4414 1369 4470 in
1385 4414 1586 4474 Ecclesiastico
1601 4418 1677 4491 (cap.
1698 4423 1758 4493 xiv)

52 4511 215 4584 prudenter
229 4508 389 4582 impendis,
404 4522 473 4564 cum
489 4510 540 4562 aut
558 4504 717 4563 offendenti
740 4505 878 4579 dimittis,
933 4503 1052 4578 legitur,
1068 4505 1104 4560 ad
1120 4503 1188 4560 illas
1203 4503 1413 4576 acquisitiones
1428 4504 1568 4577 injustas,
1593 4506 1623 4562 in
1647 4508 1757 4581 quibos

51 4603 104 4657 eut
118 4597 266 4656 satisfacis
277 4597 437 4667 olionso,ot
451 4611 505 4652 nso
518 4592 569 4651 ille
579 4598 681 4651 contra
691 4602 718 4650 te
728 4611 877 4653 rancorem
931 4595 1105 4651 transfertur
1119 4593 1474 4662 dominium,relertur,de
1487 4595 1596 4667 quibus
1610 4594 1690 4654 licite
1704 4615 1757 4671 po·

50 4686 97 4745 rel
112 4687 212 4745 odium
229 4688 259 4744 lo
275 4687 361 4744 corde
376 4686 510 4752 retineat,
526 4699 580 4741 osc
598 4687 630 4740 tu
654 4688 756 4741 contra
778 4684 877 4758 ipsum
931 4687 990 4740 test
1004 4683 1189 4756 eleemosyna
1210 4683 1322 4755 erogari
1349 4701 1356 4739 ε
1379 4682 1515 4756 quamvis
1535 4688 1565 4741 et
1588 4684 1645 4742 alio
1669 4688 1755 4746 modu

50 4778 182 4836 retineas
197 4791 349 4834 rancorem
365 4774 410 4831 vel
434 4773 535 4831 odium
558 4772 590 4830 in
614 4774 712 4829 corde.
736 4774 817 4831 Unde
840 4774 875 4830 ad
931 4789 1002 4829 sane
1018 4773 1134 4845 possint
1148 4771 1282 4845 intelligi,
1298 4773 1349 4829 sed
1366 4774 1402 4829 od
1423 4777 1596 4845 praesentem
1622 4775 1755 4834 fidelium

51 4872 215 4941 utrumque
238 4881 358 4922 sensum
383 4867 481 4937 potest
504 4862 618 4929 referri,
642 4862 719 4936 quod
745 4864 875 4919 dicitur:
930 4861 1050 4919 illcnoo
1065 4861 1580 4935 pertinetintellectusitliosootem
1596 4864 1755 4921 auotorita-

53 4976 66 5008 ι
84 4956 157 5024 Onia
170 4955 260 5011 frater
271 4958 340 5009 tuus
353 4953 441 5009 babet
451 4952 562 5026 aliquid
574 4951 731 5008 adversum
741 4956 781 5019 te,
791 4974 805 5003 a
816 4951 878 5009 sive
930 4955 976 5007 tos
988 4953 1023 5007 ad
1036 4968 1085 5008 eas
1096 4951 1205 5008 referes
1221 4951 1433 5023 acquisitiones
1446 4952 1584 5023 injustas,
1599 4951 1630 5008 in
1646 4954 1755 5025 quibus

50 5042 189 5119 quodille
200 5046 304 5101 contra
315 5046 344 5099 te
359 5041 449 5098 habet
463 5055 583 5098 cansam
599 5041 731 5097 rancoris
746 5039 791 5097 vel
806 5041 876 5111 odii,
930 5040 1097 5097 dominium
1114 5057 1172 5097 noo
1188 5042 1364 5097 transfertur
1381 5057 1387 5096 :
1404 5039 1473 5097 lieet
1488 5042 1524 5097 de
1539 5042 1673 5098 mercede
1688 5058 1755 5113 pro·

50 5134 122 5209 quis
137 5138 169 5190 tu
184 5132 270 5189 illum
287 5132 387 5187 forsan
403 5130 567 5200 offendisti;
582 5129 613 5186 in
628 5146 686 5203 quo
701 5145 773 5187 casu
800 5134 830 5186 tu
849 5131 875 5188 ei
930 5129 1033 5187 stibuli
1048 5129 1163 5187 soleant
1177 5129 1584 5203 sohloasticidisputure,ques
1596 5130 1621 5186 si
1630 5131 1756 5188 transire

49 5222 220 5282 satisfacere
231 5221 332 5287 debes,
344 5226 377 5276 ut
388 5219 583 5277 reconcilieris
594 5218 701 5277 eidem.
717 5219 783 5277 Sive
797 5220 875 5292 quod
930 5219 1046 5277 dicatur
1060 5220 1089 5275 in
1105 5219 1268 5276 dominium
1292 5219 1454 5277 meretricis
1478 5220 1565 5291 (deut.
1590 5219 1683 5294 uui),
1706 5219 1755 5278 di·

49 5312 101 5370 ille
114 5315 217 5370 contra
232 5313 260 5367 te
276 5309 426 5367 commisit
441 5309 595 5379 offensam,
607 5313 827 5383 propterquam
844 5314 875 5366 tu
930 5309 1057 5364 cendum
1073 5312 1118 5365 est
1134 5324 1215 5376 sanc,
1232 5310 1309 5382 quod
1326 5309 1438 5365 ratione
1458 5306 1600 5378 mysterii,
1626 5308 1704 5366 sicut
1725 5313 1755 5367 et

51 5399 179 5458 moreris
190 5414 316 5454 rancore
329 5395 373 5455 rel
386 5397 453 5454 odio
468 5399 570 5454 contre
584 5412 669 5466 oum3
685 5395 716 5452 in
732 5412 790 5469 quo
804 5414 875 5455 essu
930 5397 1058 5470 pretium
1074 5398 1168 5467 oanis,
1180 5398 1209 5453 in
1226 5398 1313 5454 domo
1329 5396 1444 5453 Domini
1461 5396 1632 5469 prohibetur
1645 5398 1752 5456 offerri.

51 5489 85 5544 tu
97 5488 123 5544 ci
139 5487 228 5545 debes
243 5486 403 5556 dimittere,
416 5489 449 5542 ut
459 5484 709 5544 reconcilieseum
722 5486 783 5542 tibi.
800 5487 875 5544 lian-
929 5487 1003 5551 Ouia
1019 5504 1085 5544 vero
1104 5510 1114 5538 ι
1132 5504 1191 5544 non
1207 5488 1356 5543 auditores
1368 5485 1451 5557 legis,
1468 5486 1519 5543 sod
1534 5486 1660 5544 factores
1676 5489 1752 5561 J'usti

51 5592 151 5636 curem
166 5576 245 5634 enim
261 5575 358 5633 cordis
379 5580 407 5632 ot
432 5575 544 5648 odium,
568 5573 629 5633 sive
653 5574 792 5649 postulet,
816 5577 875 5634 sive
929 5582 1000 5635 sunt
1010 5578 1087 5651 apud
1100 5578 1191 5634 Deum
1202 5577 1340 5650 (florian),
1352 5600 1364 5624 a
1373 5591 1442 5646 rugo
1453 5574 1631 5644 te,fratcr,et
1640 5576 1751 5649 hortor,
