3796 5986
117 222 173 280 ως
543 220 752 279 muncrum
771 200 932 277 ur'rssur
949 220 1141 278 susuouns
1159 221 1207 276 os
1224 221 1402 280 nrvmme.
1779 219 1826 278 ⁶⁸⁰

117 349 301 408 ministrabit
317 349 359 405 eie
384 348 459 419 (Luc.
471 347 553 419 xxu.)
569 369 584 397 »
599 346 639 403 De
654 346 708 402 boc
726 345 853 401 transitu
874 362 944 403 sune
959 351 986 418 Α
1000 347 1160 419 (toon.1v):
1184 369 1196 399 u
1215 349 1251 403 de
1275 349 1333 404 iste
1352 346 1475 421 legitur:
1492 371 1507 400 u
1531 347 1670 407 cinerem
1688 348 1766 407 sicut
1781 364 1825 421 pr·

37 462 41 467 ’
120 444 264 512 martyres
275 437 479 509 glorienturin
490 435 621 505 Psalmo,
635 435 787 492 dicentes:
805 455 818 488 r
836 436 943 492 Trous·
996 452 1063 492 nem
1082 437 1824 512 manducaveruntffrul.citellstprartereamsn·

9 522 39 570 st
117 528 225 587 irimus
241 543 293 600 per
308 527 404 597 iucem
435 531 464 582 el
482 541 601 600 nquam,
625 529 655 581 et
668 523 811 580 induxisti
837 540 890 580 nos
912 523 943 582 in
997 525 1115 582 ducatio
1131 526 1325 594 eucharistie,
1342 531 1372 583 et
1393 526 1580 585 manducatio
1592 526 1825 600 glorian.[teilla

57 676 65 689 x
117 615 302 689 refrigerium
329 614 420 687 (Prot.
436 613 511 686 cxv).
527 635 542 664 n
560 615 616 670 lloc
632 615 738 686 pusello
760 612 945 685 precatoris
998 614 1125 671 dicitur:
1141 637 1155 666 «
1172 615 1225 679 Oui
1243 617 1403 672 manducat
1414 631 1470 686 me,
1482 616 1541 672 ritu
1553 616 1631 673 vivet
1652 622 1825 690 proptarne

88 765 96 775 „
117 705 249 764 &sidero
264 705 437 761 munducare
451 703 590 761 uobiscum
606 704 635 759 in
651 703 876 776 repromittet
890 720 945 758 ou·
997 704 1094 776 (locu.
1111 720 1140 760 vr
1157 712 1175 773 ι)
1191 727 1207 757 s
1223 705 1258 761 de
1274 704 1466 777 istalegitur:
1482 727 1497 757 u
1509 705 1617 764 Beutus
1632 706 1688 778 qui
1705 706 1822 764 mendu-

118 800 179 854 tem
200 793 389 852 manducatio
420 792 627 866 corporalium
650 784 825 863 spiritualis.
842 792 946 850 lleilla
998 793 1346 866 cabitpaneminregno
1366 794 1502 866 beiaco.
1524 796 1593 866 xrs).
1610 795 1824 854 »llaoultima

31 888 37 895 '
121 870 249 942 dicitur:
263 902 274 933 ι
287 882 359 939 llate
368 880 428 937 illie
441 882 618 938 manducare
626 880 721 954 (uait.
736 881 806 953 ιιι.)
816 901 830 932 o
842 881 947 939 lleista
1000 883 1225 940 manducatione
1241 883 1386 957 precipue
1396 883 1530 941 desidero
1538 885 1726 941 manducare
1739 883 1824 941 vobis·

9 1042 34 1055 ..
120 970 947 1042 dicitur:uMacte,otmunducollot.x).»ltemmaudu·
999 973 1133 1030 cumboo
1160 973 1278 1045 pascha,
1295 977 1329 1029 ut
1347 977 1535 1030 transeamus
1550 974 1587 1030 de
1600 973 1822 1032 laboreadre·

121 1062 198 1122 catio
212 1061 316 1134 culpe,
332 1064 361 1116 et
376 1060 565 1117 manducatio
581 1076 693 1132 poeno;
709 1061 745 1116 de
760 1059 945 1117 illadiciturr
999 1062 1108 1134 quiem.
1124 1063 1160 1118 de
1188 1062 1287 1118 dolore
1303 1062 1339 1118 ad
1365 1062 1519 1136 gaudium,
1544 1063 1580 1120 de
1601 1061 1781 1120 lnielioitate
1793 1064 1822 1120 ai

122 1175 138 1206 κ
153 1149 846 1221 Μιιιᾱιιοιιοιιιιιῑειοιίίίοἰιωοιὶιιοιιιιι(1>ιαὶ.
861 1158 945 1223 cult»
999 1150 1135 1223 glorium,
1160 1151 1195 1208 de
1219 1156 1311 1209 morte
1336 1151 1372 1208 sd
1398 1152 1498 1219 vitam,
1519 1151 1554 1208 de
1578 1152 1772 1226 corruptione
1792 1153 1822 1210 ul

122 1242 158 1299 de
172 1241 229 1299 ista
244 1241 367 1313 legitur:
386 1237 623 1295 «Gladiuemeus
635 1237 828 1296 manducabit
841 1255 945 1298 carnee
1000 1241 1211 1310 eternitatem
1228 1244 1385 1313 prestante
1408 1241 1533 1298 Domino
1548 1245 1650 1299 nostro
1664 1241 1738 1299 Jeeu
1750 1240 1824 1298 Chri-

17 1362 20 1367 ·
71 1380 74 1387 .
120 1333 212 1405 (lleut.
228 1331 328 1401 surr).
347 1350 357 1378 ι
376 1328 490 1385 Rursus
503 1326 747 1384 estmauducatio
762 1327 946 1401 doctrinalis,
999 1336 1055 1398 sto,
1072 1329 1178 1387 ouiost
1198 1328 1484 1402 bonoretgloriain
1505 1330 1614 1387 secula
1638 1329 1822 1388 seculorum.

121 1425 150 1479 et
165 1425 211 1478 est
225 1417 412 1476 manducatio
441 1416 660 1490 poenitentialis.
682 1419 723 1475 lle
742 1417 794 1474 illa
822 1418 945 1477 dieitur:
1000 1423 1104 1476 Amen.
1139 1483 1141 1488 ,

119 1532 134 1562 α
150 1513 210 1582 ligo
224 1507 323 1566 eibum
339 1505 432 1563 babeo
449 1505 638 1576 manducare,
654 1522 742 1579 quem
758 1523 809 1565 voe
825 1507 948 1565 nescitis

874 1815 1019 1886 SERMO
1039 1817 1101 1885 Vll

580 1957 617 2014 m
632 1956 797 2016 uoucruu
813 1958 995 2017 cruorum
1010 1958 1258 2017 maculosum
1274 1956 1428 2015 suerrus

154 2249 186 2306 se·
199 2246 346 2305 muniatis
360 2244 435 2303 inter
456 2244 563 2302 medior
581 2246 679 2317 cleror,
701 2263 805 2320 peunae
819 2247 951 2304 columber
965 2250 989 2317 Β
1004 2249 1101 2305 stolus
1111 2247 1170 2305 uit:
1187 2271 1201 2300 «
1217 2247 1288 2305 Nolo
1308 2264 1361 2304 vos
1372 2246 1509 2320 ignorare
1523 2245 1560 2303 de
1573 2244 1824 2316 dormtentibuu»

120 2339 316 2411 deurerentur,
351 2343 377 2392 el
413 2336 566 2408 posteriorc
603 2335 679 2394 dorsi
706 2335 765 2410 einr
801 2353 831 2393 m
859 2339 947 2409 specie
999 2342 1053 2395 etc.
1093 2343 1117 2404 (l
1153 2339 1240 2395 lbere.
1274 2340 1331 2408 rv);
1362 2337 1399 2394 de
1445 2334 1574 2393 secunda
1599 2333 1670 2392 dicit
1707 2334 1824 2392 David:

118 2427 184 2486 uum
199 2425 286 2501 (Paul.
303 2425 399 2497 curn).
1000 2453 1013 2480 ιι
1029 2428 1169 2500 Nunquid
1192 2429 1241 2503 qui
1268 2428 1378 2485 dormit
1398 2445 1457 2484 nou
1478 2426 1596 2499 adjiciet
1611 2430 1644 2483 ut
1662 2423 1823 2499 resurgatt

152 2521 215 2576 Duo
231 2519 301 2572 eunt
316 2514 400 2573 noble
415 2515 451 2573 ed
468 2514 871 2585 moritumneoeessoria,vita
886 2514 945 2572 sei·
999 2519 1085 2590 (Paul.
1108 2518 1153 2592 xc)
1176 2522 1204 2575 et
1227 2517 1384 2591 Apostolus
1407 2517 1522 2590 inquit:
1539 2539 1554 2568 «
1578 2515 1670 2588 Surge
1692 2514 1743 2586 qui
1761 2515 1826 2573 dor·

117 2605 223 2664 licetet
236 2605 371 2664 doctrina
381 2622 388 2675 ;
400 2603 524 2661 alterum
537 2609 728 2678 prosternes,
741 2604 866 2663 alterum
881 2622 947 2678 pro·
999 2607 1075 2664 mis:
1092 2623 1215 2681 exsurge
1230 2611 1246 2664 t
1262 2607 1396 2680 mortuis,
1413 2611 1442 2663 et
1456 2605 1638 2662 illuminabit
1652 2604 1822 2662 terristua

103 2693 182 2770 'pter
195 2693 352 2767 proximos.
371 2693 493 2766 «Coepit
506 2694 795 2753 enimleeuedooere
809 2699 838 2752 et
851 2695 945 2752 lacere
999 2697 1106 2769 (Epiros.
1124 2698 1161 2770 v).
1179 2719 1193 2747 u

30 2810 36 2817 ·
85 2794 90 2801 ’
116 2782 185 2858 (le.
201 2787 233 2856 ι),
251 2805 265 2834 s
280 2783 366 2841 nobie
385 2781 554 2856 relinquens
580 2784 757 2858 exemplum,
780 2788 812 2840 ut
836 2800 944 2857 eoqua-
1034 2790 1095 2843 Hoc
1109 2794 1206 2842 autem
1218 2784 1418 2842 tribusmodie
1429 2783 1606 2856 admittitur,
1623 2798 1675 2857 per
1688 2781 1827 2855 ignoran-

9 2870 20 2944 J
39 2892 49 2963 x·
89 2872 509 2947 ‚mnrveetigiaelusuqui
530 2880 680 2946 peecatum
711 2873 865 2943 coniecit,
891 2889 945 2929 neo
999 2871 1825 2948 tiam,negligentium,etconcuplsceutism.llesommo

10 2984 18 3019 ;
36 2964 39 2969 ’
86 3022 89 3027 ,
114 2960 442 3020 iuventusestdoluein
458 2963 760 3034 oreejusthetr.11);
776 2983 860 3014 »αι
877 2977 945 3034 peo-
999 2962 1431 3036 ignoruntiediuitPsolmista:
1442 2985 1456 3013 n
1472 2958 1723 3019 illuminaooulos
1734 2975 1824 3029 mooe,

26 3092 33 3107 r
116 3055 215 3109 cutum
232 3067 290 3108 uon
304 3050 381 3121 lecit,
394 3055 426 3107 ut
439 3050 629 3109 sithonestas
640 3051 669 3106 in
684 3051 763 3118 vita;
780 3049 944 3107 necinven-
999 3069 1035 3108 ne
1049 3068 1179 3123 unquam
1202 3052 1375 3109 obdormiun
1401 3052 1430 3109 iu
1457 3056 1551 3108 morte
1572 3050 1659 3123 (Prot.
1676 3051 1739 3120 ιιι).
1755 3069 1769 3101 ι
1785 3047 1826 3106 lle

117 3143 168 3197 tus
182 3139 324 3197 eetdolus
339 3138 369 3195 in
380 3156 430 3196 ore
444 3140 522 3212 ojus,
539 3161 551 3192 r
569 3144 601 3196 ut
616 3140 655 3197 sit
668 3140 775 3196 veritae
790 3139 819 3194 iu
836 3138 944 3194 doctri·
999 3158 1103 3198 somno
1115 3141 1301 3215 negligentia
1320 3142 1458 3199 Salomon
1473 3143 1515 3197 ait
1528 3157 1534 3196 :
1547 3163 1560 3191 u
1572 3139 1732 3212 Usquequo
1743 3137 1825 3211 piger

12 3294 15 3299 ,
117 3245 167 3287 ua.
182 3227 250 3295 Qun
265 3228 323 3285 duo
334 3228 671 3287 commendanturnobis
686 3227 715 3284 in
732 3228 828 3284 verbis
840 3243 944 3300 propo·
999 3230 1132 3287 dormis‘l
1147 3233 1265 3305 quondo
1280 3247 1441 3304 consurges
1456 3231 1492 3286 de
1507 3245 1612 3286 somno
1628 3227 1703 3284 tuo?
1718 3227 1823 3301 paulu·

51 3386 54 3393 ¹
117 3316 195 3377 ritis.
212 3318 252 3376 lle
267 3318 327 3376 vila
350 3317 559 3392 premittitur:
576 3318 601 3375 si
626 3316 770 3375 dormietis
787 3334 794 3386 ;
810 3317 946 3374 doctriua
997 3320 1060 3376 lum
1072 3321 1212 3388 dormies,
1226 3320 1381 3394 paululum
1393 3318 1578 3387 dormitabis,
1590 3315 1746 3390 paululum
1757 3332 1825 3374 oon·

94 3428 97 3433 ’
115 3394 325 3482 subjungitur:
347 3406 539 3465 intermedius
562 3408 658 3464 cleros.
679 3407 754 3463 Hinc
769 3410 814 3463 eet
842 3405 945 3479 igitur,
999 3426 1078 3467 seres
1096 3427 1201 3466 monus
1214 3415 1292 3479 tuse,
1311 3415 1343 3466 ut
1354 3409 1543 3466 dormiastet
1555 3405 1654 3464 veniet
1665 3406 1716 3462 tibi
1733 3405 1822 3480 quani

62 3533 66 3541 =
115 3497 195 3572 quod
211 3514 228 3554 n
243 3501 322 3554 veste
338 3495 496 3570 pontificali
510 3495 943 3569 dependebautmalegraueta‚
998 3498 1092 3556 vietor
1106 3502 1264 3574 egestos‚et
1272 3498 1519 3573 pauperieequasi
1529 3496 1569 3553 vir
1578 3500 1710 3553 armatus
1726 3497 1823 3568 (Pron.

103 3603 184 3644 *oum
199 3585 516 3642 tintinnabulieuureis
527 3585 624 3658 (deod.
641 3586 750 3656 xxvurl.
760 3584 814 3640 Per
829 3582 940 3639 molum
957 3620 978 3687 c
997 3591 1049 3654 vr).
1065 3608 1079 3640 ι
1096 3589 1137 3646 De
1148 3604 1251 3644 somno
1263 3588 1508 3661 concupiscentie
1519 3586 1589 3643 dicit
1597 3583 1689 3642 llovid
1703 3601 1711 3641 ε
1728 3584 1825 3643 «Dor-

116 3678 273 3748 granatum
303 3674 445 3746 accipitur
460 3675 602 3748 operatio,
629 3692 680 3747 per
705 3671 940 3729 tintinnabulum
997 3679 1126 3733 mieruut
1140 3693 1278 3733 somnum
1290 3693 1377 3733 suum
1391 3694 1398 3734 :
1411 3681 1439 3732 et
1449 3675 1522 3732 nibil
1534 3675 1710 3731 inuenerunt
1720 3688 1823 3730 omnes

116 3778 238 3820 aureum
253 3762 635 3836 intelligitur'prmdioutio:
657 3760 940 3835 quoeduodebenlin
995 3765 1048 3821 viri
1072 3765 1241 3821 divitiorum
1262 3766 1291 3821 in
1314 3765 1453 3821 manibus
1476 3764 1538 3820 euis
1562 3763 1650 3836 (Pral.
1682 3761 1792 3832 ιιιιιι).
1809 3783 1824 3812 ι

9 3844 41 3928 'f
114 3851 471 3925 sacerdoteconjungi,ne
484 3851 788 3924 sineillisingrediene
803 3855 941 3906 sanctua-
994 3854 1135 3911 Celerum
1156 3856 1292 3912 dormitio
1308 3855 1374 3910 vitm
1397 3853 1503 3926 duplex
1527 3868 1646 3925 quoque
1660 3849 1770 3923 legitur
1792 3849 1823 3906 in

112 3939 190 3999 rium
207 3940 361 3998 moriatur.
994 3944 1170 4017 Scripturis:
1188 3962 1247 4001 uua
1261 3945 1327 4000 vitu
1352 3940 1513 4016 corporalis
1530 3940 1706 4014 proveniens
1720 3956 1756 3995 ex
1770 3955 1822 3995 na·

150 4030 307 4098 putavero
323 4028 527 4103 uermerium
545 4027 757 4102 perveniturad
774 4026 938 4099 premium,
993 4040 1071 4103 turo,
1087 4033 1178 4090 altera
1190 4035 1255 4090 viis
1267 4032 1431 4106 spiritualis
1447 4028 1766 4105 proccoensexgraua.
1777 4028 1817 4085 us

103 4118 423 4194 rectepoetmcritum
455 4116 638 4191 promittitur
662 4117 825 4190 premium.
856 4114 937 4182 Quod
993 4121 1510 4196 primuDominusdixitopostolis:
1529 4119 1821 4190 «permiscuimus

113 4212 221 4287 duplex
236 4212 539 4286 promittitur3uuum
561 4210 590 4266 in
608 4210 754 4283 presenti,
772 4208 937 4267 stallorum
993 4213 1167 4285 requiescite
1191 4212 1298 4281 (Mottb.
1332 4221 1426 4282 xxvr);
1450 4231 1463 4260 n
1488 4210 1524 4266 de
1548 4207 1689 4279 seeundo,
1710 4222 1820 4279 sponsa

16 4290 20 4297 ”
112 4302 143 4360 ln
160 4303 269 4359 tuturo.
286 4302 383 4360 Pietas
408 4304 487 4360 euim
508 4302 732 4376 promissionem
756 4299 845 4357 habet
873 4300 938 4357 vitu
991 4301 1063 4356 dicit
1078 4303 1107 4356 iu
1123 4301 1269 4357 canticis:
1287 4323 1301 4352 «
1320 4301 1380 4374 Ego
1397 4298 1520 4368 dormio,
1530 4303 1559 4354 et
1569 4315 1618 4354 cor
1635 4312 1732 4353 meum
1742 4293 1819 4368 vigi·

104 4389 178 4464 ³que
191 4408 269 4448 nuuc
285 4397 338 4460 ent,
355 4396 383 4448 et
398 4392 514 4459 lutura,
530 4388 738 4464 utceotuplum
761 4389 896 4461 occipiat,
908 4396 937 4448 et
991 4394 1034 4460 lut
1044 4392 1136 4457 (Ceut.
1151 4391 1191 4463 v).
1209 4412 1223 4440 »
1238 4390 1283 4446 Sic
1298 4395 1327 4446 et
1339 4405 1402 4458 noe,
1412 4387 1591 4455 charissimi,
1611 4385 1779 4459 vigilemus.
1789 4387 1820 4440 et

112 4479 202 4538 vitem
218 4485 356 4538 eternum
371 4481 536 4552 possideat:
552 4478 721 4551 centuplum
739 4479 768 4535 in
789 4481 935 4551 presenti,
991 4478 1196 4536 dormiemus:
1214 4478 1265 4535 sed
1278 4479 1462 4536 dormiemus
1477 4494 1494 4533 a
1511 4476 1642 4545 melleet
1656 4472 1821 4547 vigelemur

9 4570 14 4579 '
112 4567 201 4626 vitum
217 4568 934 4641 uternamintuturo.Depraeeentlpraemittitur:
992 4567 1137 4625 inbonis.

39 4700 45 4717 .
105 4658 215 4716 'Penne
229 4658 366 4716 columbae
380 4658 576 4732 decrpmtutae.
600 4663 641 4716 Do
662 4658 759 4714 loturo
779 4657 936 4728 subiungi·
1028 4657 1180 4730 Siquidem
1195 4658 1261 4714 vito
1282 4657 1421 4729 perfectio
1436 4655 1466 4712 in
1486 4655 1603 4712 duobus
1625 4654 1773 4727 consistit,
1786 4656 1816 4714 io

110 4752 182 4805 tur:
198 4749 231 4804 Et
244 4747 399 4820 posteriora
418 4747 495 4805 dorsi
512 4749 613 4820 ejurin
631 4748 719 4818 specie
731 4748 806 4802 ouri.
824 4767 837 4798 ι
863 4747 936 4816 Quo-
992 4746 1177 4804 declinandis
1192 4746 1280 4816 vitiis,
1306 4750 1334 4802 el
1350 4746 1378 4801 in
1395 4743 1564 4802 exercendis
1579 4743 1749 4814 virtutibus,
1773 4761 1820 4803 ee·

111 4838 189 4895 aiom
213 4834 435 4893 mirericordiam
452 4838 640 4894 seueritatem
666 4835 763 4907 dilicit
784 4836 934 4906 Deurpro·
991 4839 1122 4897 cundum
1152 4837 1280 4894 illud:«
1312 4835 1459 4893 Divertes
1483 4834 1675 4900 mclo,ettso
1708 4834 1819 4892 bonum

112 4929 180 4985 dom
207 4931 234 4984 et
261 4924 380 5000 ebriam
403 4927 479 4982 dubit
506 4924 637 4982 Dominus
666 4925 754 4998 [Psoi.
781 4926 933 4998 currunt.»
991 4921 1222 4993 (matmvcs
1252 4917 1306 4973 Per
1329 4915 1453 4973 alterum
1478 4915 1606 4970 vitamus
1629 4913 1821 4987 supplicium,

110 5017 241 5076 Gratiam
251 5017 281 5073 in
295 5015 429 5090 presenti
441 5019 560 5090 prestat
568 5015 603 5070 ud
617 5014 763 5081 meritum,
775 5012 898 5086 gloriam
906 5013 936 5069 in
952 4995 975 5060 Ῑ)
992 5027 1043 5084 per
1057 5008 1182 5064 alterum
1209 5004 1392 5078 acquirimus
1415 5004 1567 5074 premium
1581 5021 1588 5069 3
1615 5019 1680 5075 quus
1695 5004 1754 5060 duo
1769 5020 1823 5076 per

111 5108 210 5164 tuturo
225 5106 376 5182 prestabit
403 5105 440 5162 ad
463 5103 625 5179 premium.
643 5103 691 5158 Est
715 5106 813 5158 eutem
829 5100 936 5174 duplex
983 5096 1196 5154 ‘dormitionem
1223 5093 1428 5150 convenienter
1452 5091 1665 5164 intelliguntur.
1691 5092 1820 5150 Somnus

110 5194 259 5264 dormitio,
275 5211 334 5252 uua
350 5196 464 5267 mortis,
482 5192 575 5250 altera
586 5191 668 5248 uita:
685 5190 735 5247 sed
754 5194 876 5262 utraque
891 5187 936 5246 di·
991 5187 1081 5256 enim,
1098 5189 1131 5240 ut
1147 5186 1285 5240 usserunt
1300 5181 1349 5254 qui
1360 5181 1499 5236 dorerum
1512 5180 1626 5236 naturis
1640 5180 1818 5254 edisserunt,

108 5280 219 5337 viditur
232 5300 239 5350 ;
251 5299 317 5340 nam
329 5280 386 5338 ella
398 5287 444 5338 eet
459 5279 597 5337 dormitio
607 5276 710 5334 mortis
720 5275 891 5349 corporalis,
907 5278 937 5332 et
991 5280 1036 5332 est
1050 5273 1135 5347 quies
1150 5270 1325 5329 animalium
1341 5268 1495 5338 virtutum,
1511 5284 1578 5324 oum
1590 5268 1754 5327 intentione
1764 5285 1819 5327 na·

111 5369 170 5424 beo
184 5375 230 5425 eet
245 5385 347 5441 poeou;
363 5374 392 5427 et
409 5370 467 5427 alia
491 5368 629 5425 dormitio
652 5364 815 5439 spiritualis
831 5365 936 5422 etheo
991 5363 1144 5421 toralium.
1160 5360 1217 5417 Nos
1228 5363 1338 5429 sulem,
1354 5356 1405 5430 qui
1423 5356 1592 5430 spirituales
1603 5373 1720 5431 sumus,
1731 5356 1820 5430 epiri·

12 5502 15 5507 <
103 5455 264 5531 -eetculpa
288 5457 328 5514 lle
348 5459 445 5531 prims
474 5456 617 5515 Dominus
642 5454 740 5529 inquit
767 5453 933 5527 apostolis:
989 5453 1109 5510 tuoliter
1129 5450 1183 5507 bas
1212 5448 1241 5505 iu
1269 5447 1376 5521 spiritu
1397 5463 1556 5519 possumus
1580 5446 1721 5505 invenire.
1745 5450 1820 5504 Sunt

109 5568 126 5601 s
142 5552 268 5607 marus
276 5548 390 5605 amicus
398 5554 500 5608 noster
508 5549 618 5608 dormit
626 5549 713 5619 (loon.
725 5545 756 5604 ul
770 5562 803 5604 n:
816 5550 845 5604 et
858 5550 937 5620 Apo·
989 5542 1069 5623 enim
1083 5545 1144 5599 tres
1160 5536 1309 5597 naturales
1320 5535 1398 5593 vires
1408 5534 1440 5593 in
1451 5536 1560 5605 noima,
1585 5535 1629 5594 ule
1653 5535 1819 5609 rationulis,
