3796 5986
573 228 782 286 turtocuurn
802 227 841 283 111
860 222 962 280 PAPAE
982 222 1177 278 susuoutts
1195 223 1243 279 DE
1262 223 1444 279 rattruut.
1543 258 1548 275 .

856 432 1007 503 subulo
1030 433 1156 505 XXIV·

747 607 787 667 tu
810 603 946 666 EADEM
968 601 1259 665 sonuttrttuaru.

150 768 188 827 lle
200 765 311 842 duplici
325 769 459 840 baptismo
471 767 550 824 aubis
564 769 594 824 ia
608 765 760 836 Euanpelio
774 762 974 829 commendato,
990 769 1016 817 ct
1030 761 1165 833 anamodo
1180 761 1298 833 apostati
1320 761 1428 834 Spiritu
1452 773 1546 822 abacta
1571 765 1707 839 baptisati
1729 781 1809 838 sant,
1834 777 1862 831 et

741 843 849 916 quando
860 858 909 900 aas
924 844 955 897 ia
968 839 1071 914 spirita
1086 840 1272 914 baptizamur.

183 1179 302 1237 locanes
315 1177 428 1251 quidem
442 1179 598 1249 baptizarit
612 1193 708 1249 apua:
723 1191 769 1233 vos
783 1177 875 1232 autam
891 1174 978 1247 bapte·
991 1174 1020 1242 Α
1034 1177 1064 1229 et
1078 1172 1199 1245 replevit
1210 1176 1301 1232 totam
1317 1175 1451 1244 domum,
1475 1180 1523 1236 ubi
1547 1189 1630 1240 orant
1652 1188 1801 1247 sedentes.
1828 1193 1860 1249 ut

149 1267 288 1325 eattmtni
302 1267 410 1342 Spiritu
431 1276 536 1340 cancta,
560 1284 615 1325 aaa
638 1276 697 1340 past
723 1266 823 1322 erratice
847 1263 895 1320 bas
917 1263 975 1319 dies
1031 1267 1232 1335 apparuerunt
1246 1263 1306 1321 iltis
1321 1264 1482 1338 dispertita
1498 1270 1603 1344 linguae
1616 1279 1859 1350 tanquamianis‚

148 1356 218 1428 (pce,
235 1357 267 1430 ι),
1030 1351 1164 1422 seditque
1180 1368 1271 1424 supra
1285 1353 1421 1427 singulos
1435 1361 1585 1416 eorumtlt
1600 1363 1702 1436 repleti
1719 1373 1791 1425 sunt
1801 1385 1860 1426 om·

185 1445 295 1519 Duplex
309 1446 388 1504 enim
405 1447 489 1504 nobis
505 1446 672 1520 baptismus
683 1446 712 1502 in
728 1443 882 1520 Evangelio
897 1460 972 1500 com·
1028 1453 1080 1495 nes
1092 1438 1202 1512 Spiritu
1215 1445 1327 1511 sancto,
1339 1447 1367 1498 et
1377 1452 1530 1517 caeperunt
1540 1445 1619 1519 loqui
1630 1451 1720 1508 variis
1735 1453 1858 1528 linguis,

27 1552 31 1561 ’
148 1535 316 1605 mentiatur,
331 1535 361 1591 in
378 1552 454 1608 aqua
469 1535 602 1593 videlicet
615 1539 643 1592 et
659 1535 736 1608 igne.
759 1536 815 1592 Sed
840 1535 871 1590 in
897 1549 974 1604 aqua
1029 1531 1114 1598 prout
1127 1527 1253 1600 Spiritus
1268 1536 1388 1588 sanctus
1404 1533 1603 1608 dabateloqui
1619 1538 1679 1596 illia
1695 1541 1772 1612 (Act.
1789 1547 1857 1616 tal.»

31 1660 34 1665 -
148 1622 303 1694 materiali,
319 1629 347 1682 ot
362 1624 390 1681 in
408 1625 473 1700 igne
490 1623 652 1699 spirituali,
667 1641 703 1681 ne
717 1623 762 1681 vel
777 1641 854 1697 aqua
875 1622 972 1695 ignem
1027 1616 1100 1671 Cum
1116 1617 1293 1690 audis,quod
1308 1634 1498 1692 apparuerant
1514 1623 1576 1681 iltis
1586 1625 1738 1698 dispertitae
1753 1632 1859 1702 tiapuae

147 1714 324 1786 exstinguat,
341 1714 385 1771 vel
400 1713 477 1788 ignis
491 1732 599 1788 aquam
613 1719 778 1771 consumat.
795 1718 834 1769 De
849 1716 974 1783 utroque
1027 1712 1163 1777 taaqrtam
1178 1708 1264 1776 ipais,
1280 1711 1398 1766 attende
1423 1713 1605 1785 baptismum
1625 1716 1657 1772 in
1680 1717 1759 1791 igne.
1785 1721 1856 1779 Cum

52 1824 55 1829 ·
148 1800 295 1876 baptismo
310 1803 439 1861 ioannes
454 1804 582 1878 Baptista
598 1804 731 1861 dicebat:
750 1825 764 1855 a
785 1803 844 1874 ligo
859 1800 973 1874 baptizo
1026 1795 1121 1866 sudis,
1136 1796 1205 1866 auia
1224 1799 1324 1868 repleti
1346 1808 1410 1856 caat
1433 1817 1535 1858 amacc-
1550 1804 1659 1876 Spiritu
1681 1815 1790 1878 sancto,
1814 1818 1856 1868 at·

146 1908 198 1950 vo,
213 1893 240 1949 jn
267 1910 358 1965 „qum
384 1895 500 1951 medius
523 1899 622 1951 autem
648 1899 779 1950 vestrum
804 1892 897 1959 stetit,
923 1889 973 1962 qui
1026 1885 1856 1974 tendesanctifioationcminspiritu.cu1naudis,quia

15 1951 27 2039 a.
72 1969 76 1975 Ι
116 2038 120 2049 ¹
146 1981 275 2056 baptizat
289 1999 339 2039 vos
355 1982 390 2039 de
405 1983 516 2056 Spiritu
533 1990 636 2040 sancto
649 1987 678 2039 et
701 1982 769 2056 igne
793 1981 897 2050 (biauk.
922 1996 971 2049 ηις
1026 1979 1167 2044 coepet'ttul
1181 1975 1490 2052 loquivttrt't'tit'ltqltt'a,
1508 1983 1626 2039 abiendi.
1647 1987 1856 2047 suncilfiffilto·

146 2071 211 2129 tac.
227 2071 280 2145 ιιι).
297 2095 308 2126 ι
327 2072 434 2130 Verum
453 2075 573 2146 uterque
589 2071 755 2144 baptismus
770 2069 973 2126 sanctificatur
1027 2079 1093 2119 nem
1111 2063 1140 2119 in
1156 2064 1260 2120 Verbo.
1272 2065 1364 2124 Hodie
1379 2084 1507 2142 namque
1520 2072 1700 2145 completum
1717 2080 1855 2150 estquod

146 2159 176 2217 in
200 2161 300 2230 verbo,
328 2165 451 2234 uterque
473 2162 673 2219 sanctificatur
697 2161 726 2216 in
751 2157 872 2231 Spiritu.
898 2157 971 2213 Nam
1026 2149 1056 2206 in
1073 2167 1199 2224 persone
1215 2153 1351 2211 ttcctesiae
1374 2157 1516 2230 propbeta
1541 2162 1716 2232 praedixerat
1741 2181 1748 2218 ε
1777 2188 1789 2216 ι
1815 2171 1856 2224 ns

146 2272 161 2301 a
177 2251 266 2307 verbo
281 2250 397 2307 Domini
413 2250 478 2308 coeli
494 2250 604 2308 firmati
628 2254 709 2317 sunt,
733 2253 762 2305 et
784 2247 889 2321 spiritu
912 2245 971 2303 oris
1027 2239 1139 2297 excalso
1162 2241 1242 2298 misit
1265 2241 1364 2316 ignem
1388 2245 1418 2300 in
1444 2247 1854 2328 ossibnsmsisilbrcu.1).s

146 2338 211 2410 ejus
227 2338 325 2397 omnis
353 2339 445 2396 virtus
469 2357 572 2397 eorum
595 2339 681 2412 (Psat.
710 2337 811 2409 xxxta).
835 2357 848 2388 s
870 2334 972 2393 Omnis
1027 2330 1064 2385 De
1084 2330 1187 2386 cacabo
1213 2348 1350 2404 namque,
1371 2333 1399 2390 il
1416 2339 1460 2390 ast
1475 2335 1510 2392 ds
1526 2337 1598 2395 coeto
1613 2339 1691 2396 misit
1707 2343 1811 2414 ipmm,
1828 2343 1855 2401 it

146 2427 224 2484 enim
240 2426 378 2497 firmitas,
394 2429 492 2485 omnis
507 2429 601 2486 virtus
618 2446 634 2485 a
649 2429 707 2485 Deo
722 2427 817 2496 Patre,
834 2442 886 2499 per
900 2429 970 2481 ver·
1026 2423 1071 2475 est
1085 2419 1226 2491 Spiritum
1243 2425 1379 2478 sanctum
1396 2422 1425 2478 in
1441 2422 1552 2495 linguis
1568 2427 1673 2498 igneis.
1689 2430 1722 2485 la
1746 2432 1855 2489 essitas

37 2558 43 2593 ·.
146 2516 216 2574 bum
239 2517 270 2575 ln
286 2517 397 2591 Spiritu
414 2521 516 2575 sancto
531 2516 687 2575 confertur.
707 2522 779 2573 Num
796 2538 811 2567 α
827 2519 887 2571 tres
902 2518 972 2570 sunt
1026 2511 1104 2575 meis,
1123 2509 1149 2564 id
1166 2514 1210 2564 ost
1225 2509 1253 2565 in
1270 2511 1422 2584 apostolis,
1447 2530 1498 2586 per
1524 2533 1597 2588 quoa
1623 2522 1718 2575 totum
1743 2537 1852 2595 corpus

146 2605 197 2680 qui
211 2606 417 2664 testimonium
433 2608 505 2664 dant
518 2606 548 2663 in
563 2607 635 2664 ooelo
653 2623 660 2663 ε
677 2606 771 2673 Pater,
788 2609 816 2660 et
831 2603 971 2674 Verbum,
1028 2597 1160 2654 Ecclesia
1185 2604 1379 2669 sustentatur,
1408 2620 1482 2674 quos
1506 2611 1536 2660 et
1558 2611 1628 2662 tunc
1645 2609 1712 2665 lacit
1727 2627 1806 2676 assa,
1824 2612 1852 2668 id

27 2692 32 2701 '
145 2699 175 2752 et
189 2695 316 2768 Spiritus
332 2713 451 2753 sancus.
466 2697 502 2754 tat
517 2696 547 2752 hi
560 2700 620 2753 tres
635 2711 728 2752 unum
754 2698 824 2751 sunt
847 2693 869 2761 (l
891 2695 971 2750 teau.
1025 2692 1070 2743 est
1082 2687 1353 2756 sottes‚c⁰n⁸ttntus
1369 2696 1397 2746 et
1418 2691 1578 2761 virtuosos,
1603 2700 1852 2767 quamadmodum

144 2784 184 2858 v).
200 2806 215 2836 a
236 2785 366 2843 ioannes
390 2786 511 2858 quidem
536 2785 695 2857 baptizavit
717 2799 795 2856 aqua
819 2783 972 2841 duntaxat.
1024 2774 1082 2832 illis
1098 2776 1274 2848 promiserat
1290 2794 1296 2835 :
1313 2802 1327 2830 a
1346 2781 1509 2854 accipietis,
1528 2785 1635 2856 inquit,
1652 2787 1789 2846 virtutem
1806 2808 1853 2847 su-

145 2873 218 2942 Quia
232 2891 299 2931 enm
314 2881 390 2931 esset
406 2875 494 2931 bomo
509 2873 706 2945 solummodo,
722 2888 817 2944 neque
832 2888 883 2945 per
902 2875 969 2927 Ver·
1024 2865 1220 2936 pervenientis
1235 2867 1364 2940 Spiritus
1379 2873 1473 2927 sancti
1488 2875 1518 2929 ln
1533 2889 1602 2940 vos3
1625 2880 1654 2932 et
1675 2876 1758 2934 eritis
1780 2880 1853 2937 mihi

145 2963 228 3032 bum,
245 2979 339 3036 neque
355 2980 406 3037 per
429 2963 573 3037 Spiritum
598 2966 711 3037 poterat
734 2977 841 3034 aquam
866 2976 972 3018 aenae·
1025 2953 1156 3021 testacia
1171 2956 1346 3029 Jerusalem,
1363 2963 1392 3015 et
1408 2959 1437 3015 in
1453 2961 1533 3018 omni
1548 2962 1649 3021 iudaea
1663 2968 1692 3021 et
1707 2966 1852 3037 Samaria,

141 3066 233 3109 crare.
247 3052 334 3109 iesus
349 3056 448 3110 autem
463 3051 593 3125 baptizat
606 3053 637 3109 in
662 3051 780 3125 spiritu,
805 3048 876 3123 quin
901 3065 969 3107 cnm
1022 3048 1156 3117 utusque
1171 3045 1206 3101 ad
1222 3044 1360 3104 ultimum
1377 3053 1460 3106 terra
1483 3051 1555 3123 (tat.
1580 3052 1624 3124 ιι).
1648 3075 1663 3106 »
1690 3054 1749 3113 late
1774 3057 1852 3132 ignis

142 3138 183 3199 sit
196 3139 275 3199 Deus
290 3140 396 3198 deltae
411 3156 463 3215 per
479 3140 621 3214 Spiritum
635 3137 835 3212 sanctum,qui
851 3156 868 3195 a
883 3142 969 3197 Patre
1021 3132 1146 3206 Spiritus
1162 3139 1284 3193 sanctus
1299 3138 1391 3209 est,de
1405 3155 1462 3210 quo
1478 3139 1550 3197 dicit
1563 3141 1733 3216 Scriptura:
1749 3151 1850 3204 «Deus

142 3225 378 3302 procedltllcaa.
394 3227 571 3301 xv),etipss
590 3226 756 3286 sanctificat
778 3234 806 3283 et
833 3227 969 3300 purificat
1021 3224 1121 3280 noster
1142 3221 1220 3296 ignis
1245 3240 1425 3283 consumens
1448 3231 1494 3284 est
1517 3230 1611 3302 (Deae.
1637 3230 1686 3304 ιι),
1713 3254 1728 3284 u
1751 3250 1846 3307 amor,

140 3316 285 3391 animam,
300 3321 329 3376 et
344 3316 487 3392 Spiritum
512 3320 649 3375 sanctum
674 3315 814 3372 tutundit.
841 3316 968 3372 attende
1019 3311 1148 3370 charites
1163 3317 1192 3371 at
1214 3313 1342 3373 dileetio.
1367 3316 1407 3374 De
1433 3316 1488 3375 hoc
1509 3320 1577 3392 igne
1601 3320 1746 3380 Dominus
1771 3325 1845 3384 ait:

138 3406 310 3480 prudenter,
324 3407 470 3479 quomodo
486 3406 652 3479 baptismus
667 3422 749 3479 aqua
764 3403 968 3462 sanctificatur
1020 3401 1139 3475 «Ignem
1153 3401 1220 3459 veni
1235 3404 1351 3462 mittere
1366 3405 1529 3478 interram,
1545 3413 1574 3466 et
1595 3409 1666 3482 qnid
1689 3412 1767 3486 uolo,
1793 3415 1850 3474 nisi

18 3534 21 3539 ·
138 3498 168 3555 tn
184 3496 282 3553 verbo.
302 3519 313 3548 ι
330 3495 492 3570 Baptiante,
508 3496 617 3569 inquit,
634 3511 737 3554 omnes
750 3499 852 3569 gentes
867 3494 897 3551 in
915 3511 966 3551 no·
1020 3496 1053 3549 ut
1066 3494 1189 3551 ardenti
1205 3516 1219 3545 o
1236 3494 1379 3568 (bacan.)
1391 3497 1470 3569 lgnis
1483 3498 1563 3556 enim
1576 3500 1764 3572 splendorem
1780 3505 1848 3564 illu·

141 3584 222 3642 mine
246 3584 350 3653 Patris,
376 3592 402 3643 et
428 3585 505 3657 riui,
532 3590 560 3642 et
581 3585 708 3658 Spiritus
737 3584 828 3642 sancti
858 3584 965 3657 (llattb.
1019 3586 1103 3650 strat,
1121 3599 1173 3655 per
1191 3583 1316 3642 calorem
1342 3586 1489 3658 purificat.
1516 3587 1549 3644 ut
1573 3587 1702 3662 Spiritus
1727 3600 1849 3653 sanctus

139 3673 251 3745 xxvia).
269 3696 281 3728 s
301 3675 410 3732 Nomen
426 3674 516 3743 enim,
532 3674 561 3730 id
578 3678 623 3731 est
647 3673 792 3731 invocatio
816 3672 967 3730 'trinitatis
1019 3688 1072 3742 per
1086 3672 1260 3744 sapientiam
1275 3672 1426 3731 illuminat
1441 3682 1582 3747 mentem,
1599 3678 1735 3752 purillcat
1750 3691 1848 3742 autem

140 3762 305 3820 sanctificat
321 3780 438 3836 aquam,
451 3768 483 3819 ut
498 3763 616 3836 tingens
631 3780 737 3836 carpas
753 3762 888 3836 purillcet
906 3778 965 3818 cor.
1019 3775 1071 3832 per
1082 3760 1272 3830 charitatem
1289 3764 1398 3835 quibus
1423 3764 1590 3839 baptizatur
1614 3768 1725 3842 anima,
1747 3772 1777 3828 id
1803 3776 1848 3831 est

137 3850 174 3909 tlt
186 3852 257 3909 ideo.
267 3851 383 3909 dicebat
400 3867 407 3907 :
424 3875 438 3903 a
455 3852 604 3909 Mandane
619 3867 694 3919 aem,
711 3874 725 3900 »ι
746 3851 775 3908 id
798 3855 843 3907 eet
865 3850 965 3908 Ereta·
1019 3849 1193 3922 puritloatur
1207 3849 1236 3906 in
1252 3850 1373 3922 Spiritu.
1391 3852 1444 3909 Per
1462 3855 1651 3928 sapientiam,
1678 3875 1695 3914 a
1716 3862 1846 3919 tenebris

35 3936 38 3941 ’
136 3941 224 4009 stam,
241 3963 256 3993 a
273 3941 390 3998 lavacro
403 3957 485 4014 aqna
499 3941 529 3997 in
550 3941 638 3998 verbo
663 3941 728 3997 vita
752 3940 859 4014 (tipice.
883 3942 921 4009 v).
945 3959 960 3994 s
978 3917 1000 3986 C
1019 3938 1204 4010 ignorantis3
1216 3939 1489 4012 percharitatem,a
1506 3946 1630 4003 maculis
1645 3946 1749 4022 culpas.
1762 3952 1846 4009 Tunc

85 4052 89 4059 ·
135 4029 208 4088 Nam
224 4030 338 4088 accedit
352 4031 472 4088 verbum
489 4031 525 4087 ad
542 4029 733 4098 elementum,
759 4034 787 4087 et
810 4030 843 4084 tlt
866 4045 964 4086 sacra·
1018 4042 1085 4100 ergo
1102 4028 1286 4100 baptizamur
1301 4030 1330 4085 in
1347 4031 1463 4104 spiritu,
1481 4051 1546 4090 cum
1561 4035 1689 4094 charitas
1713 4038 1764 4095 Dei
1789 4040 1847 4097 dil-

137 4123 282 4178 mentum.
313 4122 437 4178 attende
467 4137 586 4193 quoque
620 4120 787 4193 prudenter,
819 4119 963 4191 quomodo
1018 4116 1193 4173 lunditnrin
1209 4118 1347 4175 cordibus
1365 4122 1474 4178 nostris
1489 4140 1540 4195 per
1553 4125 1696 4197 Spiritum
1709 4133 1844 4186 sanctum

138 4209 306 4281 baptismus
340 4227 418 4282 aqua
451 4210 656 4267 sanctificatur
688 4209 717 4264 in
747 4207 865 4282 spiritu,
891 4210 964 4265 teste
1018 4206 1067 4277 qui
1084 4206 1170 4262 datus
1184 4212 1229 4264 ost
1245 4208 1329 4265 nobis
1345 4210 1431 4281 (llam
1448 4212 1487 4284 v).
1507 4217 1543 4268 De
1560 4213 1615 4270 hoo
1629 4215 1781 4287 baptismo
1797 4223 1848 4275 llo·

137 4297 342 4370 veritateque
359 4298 452 4356 dicit:
469 4320 483 4350 a
499 4298 560 4355 Nisi
585 4297 653 4371 quis
678 4302 798 4355 renatus
822 4297 911 4353 luerit
929 4313 963 4352 er
1019 4295 1120 4351 minus
1135 4297 1308 4368 predixerat
1323 4313 1376 4370 per
1391 4299 1566 4372 prophetam
1583 4318 1590 4356 :
1610 4303 1795 4363 abbandum
1811 4310 1847 4367 de

138 4401 214 4458 aqna
230 4391 259 4443 et
274 4386 385 4460 Spiritu
401 4393 574 4454 caroloman
592 4387 714 4443 intrabit
729 4387 757 4442 in
773 4401 897 4459 regnum
912 4385 964 4442 Dei
1018 4385 1123 4458 spiritu
1140 4400 1204 4442 moo
1219 4401 1308 4459 super
1322 4404 1439 4444 omnam
1455 4406 1573 4446 carnem
1591 4392 1658 4463 (loct
1674 4393 1716 4465 u).
1732 4416 1746 4444 »
1763 4395 1846 4453 Hune

137 4474 227 4547 (tana.
245 4478 298 4543 ιιι).
316 4497 331 4525 »
345 4475 519 4533 sicutenim
536 4476 625 4533 homo
640 4477 803 4532 secundum
828 4479 962 4532 naturam
1018 4489 1087 4546 ergo
1103 4474 1281 4545 baptismum
1308 4476 1382 4533 bane
1406 4484 1580 4552 receperunt
1601 4483 1737 4554 apostoli,
1760 4485 1847 4555 juxta

137 4563 270 4620 nascitur
284 4578 318 4621 ex
334 4564 456 4636 lamina,
471 4566 522 4622 sed
540 4566 576 4621 de
595 4566 667 4631 viro,
684 4565 753 4636 quia
768 4562 812 4621 vel
829 4564 965 4620 fecundat
1019 4563 1096 4634 quod
1113 4562 1257 4620 [lominus
1273 4563 1332 4620 illis
1347 4566 1522 4637 promiserat
1539 4586 1546 4625 :
1566 4571 1710 4642 loannem,
1735 4572 1846 4646 inquit,

136 4652 279 4710 luminam
295 4654 507 4726 utconcipiat3
533 4654 572 4710 ita
599 4654 762 4710 secundum
787 4653 907 4725 gratiam
930 4668 965 4709 ex
1019 4652 1176 4724 baptisavit
1203 4670 1287 4725 aqua,
1310 4669 1357 4709 uos
1382 4663 1474 4714 autem
1498 4657 1713 4731 baptizabimini
1734 4662 1848 4735 Spiritu

34 4734 38 4739 ’
138 4758 216 4816 equa
227 4743 453 4810 renasciturum
466 4743 502 4799 de
512 4741 845 4816 spirituQuodspiritus
856 4758 963 4815 nquam
1018 4749 1125 4808 coacto,
1140 4758 1197 4797 aaa
1211 4750 1273 4815 post
1288 4744 1390 4801 maltos
1405 4746 1454 4802 bas
1467 4746 1535 4803 dics.

17 4824 20 4829 ’
108 4842 113 4847 ’
139 4832 314 4903 sanctificet,
329 4835 362 4888 ut
377 4832 520 4905 purificet.
537 4832 611 4889 Nam
624 4832 701 4906 quod
720 4830 895 4888 naturaliter
918 4834 965 4887 est
1054 4831 1303 4903 Qittnquagesima
1317 4834 1364 4890 dis
1379 4839 1445 4907 post
1460 4834 1692 4895 immolationem
1709 4841 1778 4914 agni
1795 4859 1846 4915 pa·

138 4937 357 4991 ercanradum
373 4925 427 4991 est;
443 4922 520 4992 quod
539 4925 637 4978 eutem
653 4922 784 4978 nascitur
797 4937 831 4977 ex
846 4920 963 4993 spiritu,
1018 4918 1138 4988 scholis,
1155 4920 1300 4980 celebrato
1313 4923 1497 4993 Phaselitis
1512 4925 1600 4983 lsrael
1616 4929 1795 4986 exettntihue
1811 4932 1848 4990 ds

137 5010 261 5084 spiritns
275 5014 331 5068 est.
1017 5008 1139 5081 AEgypto
1155 5026 1207 5082 per
1221 5026 1301 5067 mere
1317 5012 1462 5082 Rubrum,
1472 5015 1637 5073 submersis
1651 5018 1805 5092 AEgyptiis,
1817 5024 1848 5078 et

173 5099 229 5156 Sed
241 5105 270 5157 et
280 5100 447 5172 baptismus
460 5098 538 5172 ignis
555 5096 795 5155 sanctificatoria
807 5097 901 5154 Verbo
915 5116 964 5172 pa·
1016 5095 1147 5155 liberatis
1162 5100 1290 5157 Hebraeis
1304 5117 1372 5158 cnm
1390 5102 1504 5177 Moyses
1520 5107 1703 5165 ascendisset
1717 5107 1747 5166 in
1764 5126 1848 5168 mon·

136 5186 249 5244 ritaret
263 5189 293 5244 in
309 5188 421 5260 Spiritu
438 5188 686 5260 quemadmodum
708 5186 836 5243 ostendit
856 5186 963 5259 episto·
1017 5191 1076 5243 tem
1091 5189 1181 5255 Sinni,
1204 5192 1236 5243 ut
1259 5189 1411 5248 assisteret
1435 5193 1567 5265 Domina,
1592 5199 1621 5251 et
1644 5197 1773 5270 populus
1796 5217 1845 5256 ex·

137 5275 193 5330 lica
207 5274 292 5333 tectio
308 5293 395 5350 quam
412 5276 536 5334 audiatis
561 5293 568 5333 τ
596 5300 611 5328 a
636 5281 712 5333 Dum
735 5275 964 5349 complerentur,
979 5309 1004 5376 ss
1018 5280 1162 5348 spectaret
1176 5277 1211 5333 ad
1227 5279 1338 5335 montis
1357 5279 1498 5349 radicem,
1523 5283 1587 5354 ipso
1608 5287 1845 5360 quaqungeslmo

136 5360 241 5434 inquit,
256 5364 320 5420 dice
335 5367 531 5431 Pentecostes‚
544 5369 627 5422 erant
640 5381 743 5421 omnes
759 5364 893 5437 discipuli
911 5383 962 5439 pa·
1018 5364 1066 5419 die
1099 5370 1250 5437 eruperunt
1282 5367 1384 5426 audire
1410 5370 1550 5443 tonitrua,
1577 5372 1694 5448 fulgura
1724 5377 1845 5451 micare,

136 5451 208 5507 riter
228 5452 256 5507 iu
271 5453 373 5510 eodem
387 5455 450 5511 loco
465 5473 472 5511 ε
490 5460 519 5512 at
536 5456 629 5512 luctus
645 5458 690 5511 est
704 5458 825 5526 repente
840 5455 875 5511 de
891 5457 963 5513 coeto
1017 5452 1148 5510 Cunctos
1162 5458 1259 5511 autem
1278 5458 1403 5529 populus
1415 5459 1530 5516 videbat
1546 5466 1575 5516 et
1589 5461 1743 5537 lampades
1753 5471 1783 5522 et
1797 5481 1845 5523 so·

15 5534 18 5539 “
62 5578 65 5583 ·
137 5545 397 5615 sonus,tanquam
417 5544 600 5602 advenientis
625 5544 748 5616 spiritus
772 5545 963 5620 vehementis,
1018 5541 1847 5622 nitumbuccina,etmontemlomantemattuncllo·
