3796 5986
88 218 124 276 ⁴7
679 213 728 268 AD
746 209 955 268 maccam
975 207 1013 266 111
1032 207 1203 267 amoma
1773 208 1826 267 48-

126 347 185 418 ilgo
201 345 316 412 Petrus,
340 341 510 400 Portuensis
536 345 564 398 st
587 341 700 398 Sancte
727 338 839 395 Rufina
857 336 919 410 spi·
933 338 962 406 A
977 352 1095 408 cunque
1110 336 1187 392 bona
1203 334 1282 391 idem
1297 334 1510 393 monasterium
1535 334 1564 391 in
1580 334 1808 409 presentiarum
1832 406 1835 413 Ι

93 452 211 508 scopus,
971 426 1097 498 justeet
1112 425 1251 482 canonice
1266 425 1409 498 possidet,
1421 429 1472 481 aut
1485 425 1515 481 in
1531 425 1667 482 futurum
1684 440 1808 484 00ch
1829 420 1836 495 i

129 524 188 596 ligo
204 519 395 594 Pandulpbns
410 522 478 594 (27),
490 520 553 577 sola
567 520 618 576 Dei
634 518 829 592 permissione
845 514 921 573 ilasi·
975 516 1056 572 sione
1072 515 1256 589 pontificum,
1273 514 1429 590 largitione
1450 531 1552 588 regam
1567 514 1612 572 vel
1625 516 1809 591 principum,
1824 536 1836 599 *r

94 613 156 669 lice
170 612 227 670 ΧΠ
243 610 449 685 Apostolorum
465 610 615 683 presbyter
630 607 799 665 cardinalis.
975 604 1123 662 oblatione
1137 605 1280 672 fidelium,
1297 621 1348 662 seu
1362 605 1429 662 aliis
1440 605 1532 679 justis
1547 605 1808 680 modis,prsrstaa·
1832 608 1836 635 ²

130 708 189 777 ligo
205 702 363 769 londanus,
374 701 487 757 Sancte
502 696 777 757 Pudentianoetituli
792 695 921 753 Pastoris
975 700 1004 752 te
1019 694 1153 767 Domino,
1173 697 1278 768 poterit
1293 695 1428 768 adipisci,
1444 697 1530 752 firma
1543 697 1626 753 vobis
1641 695 1810 769 vestrisque

95 794 249 867 presbyter
264 790 433 848 cardinalis.
977 785 1198 842 successoribus
1219 790 1247 841 et
1271 784 1386 842 illibata
1409 789 1611 859 permaneant.
1637 789 1670 843 ln
1698 785 1809 859 quibus

131 883 191 954 Ego
205 882 344 948 loannes,
361 879 447 935 titulo
469 879 566 934 Sancti
581 877 738 935 clementis
751 873 921 948 cardinalis,
978 875 1038 932 bec
1055 876 1181 949 propriis
1195 875 1336 933 duximus
1350 876 1543 950 exprimenda
1556 874 1712 932 vocabulis
1728 892 1736 933 τ

94 970 289 1027 viterbiensis
304 975 333 1025 et
347 969 474 1036 Tuscan,
489 968 659 1041 spiscopus.
1014 966 1121 1022 Locum
1139 965 1235 1037 ipsum
1253 965 1283 1020 in
1299 982 1357 1039 quo
1372 966 1527 1038 pressatum
1541 965 1757 1022 monasterium
1775 964 1813 1023 si·
1832 1024 1836 1029 ,

129 1064 188 1133 Ego
203 1059 380 1131 deitates),
400 1059 513 1115 Sancte
533 1057 630 1113 Maria
649 1054 868 1129 'transtyberim
884 1052 922 1108 ti·
977 1058 1041 1111 tum
1058 1059 1113 1122 est,
1127 1071 1196 1112 cum
1210 1055 1314 1127 vineis,
1329 1054 1416 1111 terris
1432 1058 1461 1110 et
1483 1055 1623 1112 omnibus
1637 1054 1702 1111 snis
1717 1055 1813 1128 perti·

94 1149 148 1208 tuli
164 1149 266 1207 calixti
283 1149 436 1222 presbyter
451 1146 620 1204 cardinalis.
980 1145 1107 1213 nentiis3
1123 1144 1276 1217 grangiam
1286 1161 1349 1218 que
1359 1145 1492 1216 esljuxta
1507 1142 1656 1200 abbatiam
1670 1160 1738 1201 cum
1748 1143 1814 1203 suia

129 1241 188 1312 Ego
215 1240 307 1311 liugo,
335 1236 487 1310 presbyter
511 1235 672 1292 cardinalis
695 1233 791 1291 Sancti
807 1231 923 1290 Martini
979 1233 1167 1307 pertinentiis
1181 1252 1187 1302 ;
1204 1234 1354 1306 grangiam
1367 1233 1403 1289 de
1418 1234 1523 1290 Esssrs
1537 1249 1604 1290 cum
1621 1232 1813 1307 pertinentiis

93 1328 181 1386 titulo
194 1327 317 1400 Equitii.
979 1323 1061 1392 suis;
1077 1322 1229 1396 grangiam
1245 1324 1281 1379 de
1295 1322 1445 1380 Fontismo
1461 1340 1529 1381 cum
1541 1322 1719 1397 pertinentis
1729 1323 1810 1393 suia;

129 1419 189 1490 Ego
214 1416 355 1484 loannes,
382 1415 462 1472 tituli
485 1415 582 1470 Sancti
607 1414 745 1486 Stephani
771 1413 800 1469 in
825 1410 925 1470 Caelio·
978 1411 1378 1485 grangismdeUldunocnm
1392 1411 1811 1486 pertinentiissuis3domum

94 1505 195 1563 Monte
209 1505 362 1577 presbyter
376 1502 544 1561 cardinalis.
980 1503 1016 1557 de
1030 1501 1246 1574 Campo-Lenia
1262 1518 1329 1558 cum
1346 1502 1533 1575 pertinentiis
1554 1501 1636 1572 suis;
1652 1500 1810 1575 grangiam

129 1595 189 1669 ligo
214 1594 383 1664 Gratianus,
399 1594 575 1651 Sanctorum
601 1596 713 1651 cosmas
737 1597 767 1650 et
789 1591 924 1649 Damiani
979 1591 1013 1647 de
1028 1591 1210 1648 Cberbonere
1226 1590 1491 1664 compertinentiis
1507 1591 1589 1663 suis3
1606 1591 1763 1665 grangiam
1774 1590 1810 1649 de

97 1685 241 1743 diaconus
254 1684 424 1741 cardinalis.
939 1716 963 1782 B
979 1679 1216 1737 Leschcriiscum
1226 1680 1642 1755 omnibuspsrtinentiissuis;
1654 1680 1810 1739 cellarium

130 1774 187 1848 ligo
202 1775 349 1832 Gerardus
364 1773 433 1846 (29),
451 1773 551 1831 Sancti
565 1772 683 1830 Adriani
701 1773 843 1830 diaconus
858 1787 921 1828 car·
978 1772 1014 1826 de
1030 1769 1177 1826 Clamacia
1202 1785 1270 1827 cam
1285 1770 1470 1843 pertinentiis
1493 1769 1576 1840 suis;
1600 1768 1757 1844 grangiam
1774 1770 1812 1828 ds

96 1863 214 1921 dinalis.
977 1858 1155 1916 Bellovidere
1165 1876 1233 1916 cum
1242 1859 1379 1915 omnibus
1387 1859 1572 1934 pertinentiis
1584 1859 1666 1931 suis3
1678 1866 1774 1916 terras
1784 1863 1815 1917 at

128 1953 188 2026 Ego
203 1952 491 2025 Gregoriua,Sancta
502 1952 598 2011 liarioe
612 1951 642 2008 in
655 1951 763 2024 aquiro
781 1951 923 2007 diaconus
978 1954 1060 2022 prata
1070 1949 1242 2005 del'aureta
1255 1965 1321 2005 cum
1332 1965 1431 2006 earum
1442 1947 1642 2019 pertinentiis;
1656 1948 1813 2024 grangiam

10 2114 13 2119 Ι
95 2040 264 2099 cardinalis.
978 2039 1128 2095 deCosatb
1139 2055 1206 2094 cum
1216 2039 1356 2096 omnibus
1365 2037 1550 2112 pertinentiis
1563 2037 1642 2107 suis3
1654 2039 1813 2112 grangiam

129 2131 187 2205 ligo
203 2130 482 2203 Gregorius,Sancti
494 2129 609 2203 Georgii
621 2130 656 2186 ad
672 2128 777 2186 Velum
794 2132 924 2185 Aureum
978 2129 1192 2185 deChatzcum
1208 2128 1347 2185 omnibus
1363 2128 1426 2185 suis
1437 2126 1625 2200 pertinentiis
1636 2145 1644 2197 ς
1656 2127 1812 2202 grangiam

98 2220 240 2278 diaconus
254 2217 425 2276 cardinalis.
978 2219 1014 2275 de
1028 2217 1141 2275 Treclin
1167 2235 1234 2274 cum
1260 2217 1427 2275 molendino
1452 2222 1481 2274 et
1506 2217 1646 2275 omnibns
1665 2216 1733 2274 aliis
1747 2216 1814 2277 suia

129 2309 189 2382 Ego
204 2310 293 2376 Bobo,
315 2310 412 2364 Sancti
427 2308 572 2365 Theodori
595 2308 738 2365 diaconus
752 2306 923 2364 cardinalis.
980 2307 1182 2381 pertinentiis,
1206 2306 1360 2364 cellarium
1376 2307 1412 2363 dc
1431 2305 1564 2364 vallibus
1576 2322 1645 2364 cum
1669 2305 1813 2364 omnibus

130 2399 190 2471 ilgo
204 2398 338 2465 cencius,
354 2398 467 2455 Sancte
482 2398 576 2453 Lucis
592 2397 621 2453 in
637 2397 766 2455 Horthea
781 2397 926 2453 diaconus
980 2397 1043 2453 sois
1058 2396 1254 2470 pertinentiis,
1271 2400 1299 2452 et
1314 2395 1466 2453 cellarium
1482 2396 1518 2452 de
1533 2394 1733 2453 Chabliecum
1750 2411 1815 2453 om·

96 2486 270 2544 cardinalis.
981 2487 1069 2543 nibus
1084 2486 1268 2559 pertinentiis
1290 2486 1364 2542 suis.
1389 2486 1466 2543 Sane
1488 2483 1624 2542 laborum
1641 2489 1812 2544 vestrorum

131 2577 237 2633 Datum
255 2576 397 2644 Laterani,
411 2576 471 2648 lper
494 2592 614 2632 manum
639 2576 794 2649 Raynaldi,
813 2574 926 2634 domini
982 2594 1056 2650 quos
1068 2576 1193 2650 propriis
1205 2575 1342 2632 manibus
1353 2578 1404 2631 aut
1414 2574 1584 2647 sumptibus
1595 2574 1693 2632 colitis
1704 2581 1764 2632 tam
1775 2574 1813 2634 ds

95 2682 177 2740 papa
201 2666 317 2736 notarii,
344 2666 436 2721 uicem
466 2667 582 2738 agentis
611 2665 790 2737 cancellarii,
814 2684 832 2721 v
857 2667 926 2723 idus
982 2666 1067 2722 terris
1082 2664 1169 2723 cultis
1185 2682 1274 2738 quam
1290 2663 1422 2734 incultis,
1437 2665 1497 2721 sive
1510 2664 1546 2721 de
1561 2662 1813 2722 bortisetdevir·

94 2753 213 2826 Aprilis,
226 2754 386 2810 indictione
395 2754 759 2820 secunda‚lncarnationis
768 2754 927 2810 Dominicae
982 2754 1072 2828 gultis
1088 2760 1116 2811 et
1131 2754 1356 2827 piscationibus,
1372 2770 1424 2811 seu
1440 2754 1475 2810 de
1491 2753 1681 2811 nutrimentis
1696 2754 1813 2812 anima·

94 2860 172 2900 anno
187 2844 257 2898 1198
271 2844 340 2916 (30),
353 2843 538 2914 pontificatus
550 2859 616 2900 varo
631 2843 750 2899 Domini
762 2843 924 2899 Innocentii
981 2843 1053 2900 lium
1069 2843 1352 2916 vestrorum,nullus
1369 2860 1385 2898 a
1399 2843 1482 2899 vobis
1493 2843 1623 2900 decimas
1638 2841 1756 2916 exigere
1767 2842 1815 2902 vet

95 2949 178 3005 pape
198 2932 238 2989 lll
254 2949 332 2989 anno
347 2933 512 3076 secundo.I

475 3020 498 3077 X
514 3021 547 3077 X.

982 2937 1154 3005 extorquere
1169 2935 1337 3005 prasumat.
1363 2931 1463 2989 Liceat
1486 2949 1604 3007 quoque
1623 2932 1707 2989 vobis
1722 2932 1813 2990 clari·

983 3038 1033 3079 cos
1048 3021 1091 3077 vel
1107 3022 1196 3079 laicos
1212 3021 1320 3078 liberos
1335 3026 1364 3078 et
1376 3021 1528 3079 absolutos
1541 3038 1556 3078 a
1571 3019 1680 3079 saeculo
1696 3022 1813 3097 lugien-

6 3180 9 3185 ,
96 3111 138 3168 Ad
152 3111 265 3170 Heliam
278 3111 403 3168 abbatem
417 3118 443 3166 et
456 3112 560 3180 [ratres
575 3109 602 3165 S.
620 3111 715 3165 Marias
730 3109 763 3166 dc
778 3112 924 3180 chniacc.
940 3097 963 3165 C
981 3117 1026 3168 tes
1037 3113 1072 3169 od
1085 3112 1305 3169 conversionem
1319 3112 1456 3185 recipere,
1468 3115 1496 3169 et
1505 3127 1556 3168 eos
1565 3111 1679 3184 absque
1691 3117 1812 3170 eontra·

278 3213 313 3226 -
328 3182 547 3252 Privilepiorum
561 3183 746 3253 confirmatio.

265 3283 361 3355 (Anno
377 3282 456 3336 1199.
473 3280 619 3351 Laterani,
637 3280 705 3336 Maii
718 3281 761 3354 5.)

207 3370 289 3442 [Call.
306 3371 406 3428 Christ.
421 3372 498 3441 Noa,
513 3387 565 3441 atr,
586 3371 727 3426 instrum.
746 3369 819 3442 tia]

136 3471 331 3526 lascessitus
345 3469 512 3543 episcopus,
528 3486 630 3525 servus
644 3485 795 3525 servorum
810 3468 872 3536 Dei,
884 3468 926 3524 di-

101 3558 185 3617 lectis
199 3559 372 3615 tiliisHsnrs
382 3559 479 3615 abbati
497 3558 669 3614 monasterii
681 3560 707 3614 S.
720 3557 817 3613 Maria
828 3559 863 3614 da
875 3558 926 3614 ils·

99 3651 215 3722 gaisae,
231 3649 355 3720 ejusque
377 3648 516 3704 iratribus
540 3654 600 3702 tam
625 3646 819 3718 presentibus
835 3664 924 3719 quam

99 3738 207 3794 tuturis
222 3737 385 3809 regularem
397 3736 483 3793 vitam
501 3736 640 3809 professis
655 3737 685 3791 in
701 3738 886 3808 perpetuum.

133 3824 312 3898 Religiosam
326 3825 415 3881 vitam
427 3824 603 3897 eligentibus
614 3824 805 3896 apostolicum
822 3840 924 3881 conve·

96 3915 140 3971 nit
154 3915 259 3971 adesse
274 3914 455 3987 presidium,
467 3930 502 3970 ne
518 3915 591 3970 torta
604 3913 762 3984 cujuslibet
777 3915 923 3970 temerita-

94 4005 134 4060 tis
149 4003 297 4069 incursus,
313 4009 364 4060 aut
386 4020 434 4060 eos
458 4021 475 4058 a
499 4004 647 4075 proposito
669 4007 791 4074 revocet,
807 4007 859 4059 aut
874 4020 922 4060 ro·

95 4093 161 4163 bur,
179 4095 256 4167 quod
272 4094 367 4151 absitl
385 4109 472 4149 sacrm
484 4092 635 4164 religionis
646 4091 795 4162 iniringat.
811 4094 920 4165 Eapro·

92 4189 166 4256 pter,
182 4185 282 4240 dilecti
296 4184 325 4239 in
341 4183 465 4240 Domino
485 4182 548 4252 filii,
563 4182 667 4238 vestris
678 4183 771 4254 justis
786 4182 918 4254 postula·

981 3202 1108 3259 dictione
1131 3201 1231 3274 aliqus
1254 3201 1389 3258 retinere.
1415 3201 1609 3258 Prohibemas
1633 3201 1758 3275 insuper
1780 3206 1815 3259 ut

981 3291 1054 3348 nulli
1070 3293 1191 3348 fratrum
1207 3295 1371 3348 vestrorum
1388 3295 1455 3364 post
1469 3290 1618 3348 iactamin
1630 3289 1812 3348 monasterio

980 3387 1075 3438 vestro
1087 3381 1293 3454 professionem
1306 3380 1349 3436 las
1360 3380 1400 3436 sit
1409 3381 1522 3453 absque
1532 3379 1648 3437 abbatis
1658 3378 1706 3437 sui
1717 3379 1811 3437 licen·

979 3472 1021 3529 tia
1035 3473 1070 3528 de
1085 3472 1186 3528 eodem
1202 3471 1265 3527 loco
1277 3470 1436 3541 discedere,
1448 3470 1648 3527 discedentem
1659 3486 1728 3526 vero
1739 3470 1809 3527 abs-

980 3578 1037 3635 que
1052 3560 1255 3618 oommunium
1267 3559 1429 3616 litterarum
1439 3560 1574 3616 cautione
1587 3558 1689 3615 nullus
1700 3560 1812 3617 audeat

978 3651 1111 3707 retinere.
1126 3651 1206 3717 Quod
1223 3649 1248 3705 si
1263 3650 1329 3722 quis
1345 3650 1418 3707 torte
1433 3648 1557 3706 retinere
1571 3648 1808 3722 presumpserit,

978 3737 1092 3795 licitum
1108 3740 1147 3795 sit
1160 3739 1241 3795 vobis
1257 3739 1287 3794 in
1304 3738 1385 3811 ipsos
1400 3739 1561 3795 monachos
1571 3737 1632 3796 sive
1647 3754 1808 3796 conversos

978 3828 1140 3903 regularem
1158 3829 1332 3884 sententiam
1342 3827 1623 3901 promulgars.lllud
1640 3825 1808 3884 districtius

976 3917 1143 3975 inhibentes
1152 3935 1188 3974 ne
1197 3924 1289 3974 terras
1301 3933 1352 3974 seu
1361 3916 1514 3990 quodlibet
1524 3916 1699 3974 beneficium
1711 3917 1805 3976 ecclc·

976 4007 1026 4063 siae
1040 4012 1142 4064 vestra
1157 4005 1295 4063 collatum
1310 4006 1397 4062 liceat
1411 4005 1497 4062 alicui
1515 4004 1710 4079 personaliter
1726 4006 1804 4072 dari,

975 4096 1036 4152 sive
1050 4096 1107 4153 alio
1123 4098 1209 4153 modo
1225 4096 1346 4152 alienari
1362 4096 1476 4168 absque
1490 4111 1637 4153 consensu
1652 4095 1747 4152 totius
1757 4113 1804 4153 ca·

975 4186 1061 4259 pituli
1080 4186 1123 4242 vel
1136 4185 1256 4258 majoris
1267 4191 1318 4242 aut
1333 4185 1457 4242 sanioris
1473 4184 1565 4259 partis
1576 4184 1683 4258 ipsius.
1693 4183 1725 4241 Si
1740 4200 1804 4257 qaas

92 4272 221 4330 tionibus
235 4272 394 4329 clementer
418 4271 588 4338 annuimus,
604 4275 633 4326 et
648 4271 799 4342 prelatum
817 4287 918 4327 mona·
971 4291 1039 4332 vero
1050 4276 1223 4331 donationes
1234 4274 1279 4331 vel
1291 4274 1484 4332 alienationes
1495 4272 1579 4329 aliter
1590 4288 1678 4344 quam
1688 4272 1802 4328 dietum

91 4361 215 4417 sterium
231 4361 261 4418 S.
278 4361 375 4416 Maris
391 4361 426 4416 de
441 4361 586 4433 Regniaco
612 4360 643 4415 in
657 4376 714 4432 quo
730 4360 828 4416 divina
843 4361 916 4417 estis
971 4371 1017 4421 est
1031 4367 1113 4422 facte
1125 4365 1243 4436 luerint,
1254 4380 1304 4421 eas
1315 4364 1413 4420 irritas
1425 4379 1490 4420 asse
1505 4377 1672 4419 censemus.
1684 4361 1730 4418 sd
1741 4362 1803 4418 bac

90 4451 231 4521 obsequio
244 4449 415 4523 mancipati,
439 4454 495 4506 sub
516 4456 544 4506 Β.
562 4450 638 4506 Petri
654 4454 682 4505 et
706 4455 808 4507 nostra
825 4456 918 4522 prote·
933 4461 956 4527 1)
971 4454 1058 4511 atium
1074 4452 1598 4527 probibemusnealiquismonachus
1609 4451 1803 4509 sivaconver·

89 4539 185 4596 ctione
199 4539 392 4611 suscipimus,
407 4543 436 4594 et
460 4539 612 4611 praesentis
637 4538 740 4611 scripti
764 4539 917 4613 privilegio
972 4559 1023 4600 sus
1039 4544 1094 4600 sub
1114 4543 1298 4616 professione
1312 4544 1420 4599 domus
1443 4546 1548 4599 vestras
1571 4540 1723 4612 astrictus,
1739 4540 1802 4599 sina

87 4629 315 4685 communimus.
333 4627 480 4700 Imprimis
491 4628 609 4699 quidem
624 4632 787 4685 statuentes
804 4633 835 4685 ut
845 4632 917 4687 ordo
970 4648 1114 4689 consensu
1130 4633 1287 4690 etlicenlia
1303 4631 1418 4689 abbatis
1432 4636 1462 4688 et
1477 4631 1599 4703 majoris
1611 4629 1705 4705 partis
1714 4634 1745 4688 ct
1755 4647 1803 4688 ca·

87 4719 270 4776 monasticus
285 4717 335 4790 qui
352 4717 515 4774 secundum
528 4717 659 4774 Deumet
674 4717 752 4774 beati
766 4719 916 4776 Benedicti
970 4721 1056 4795 pituli
1071 4721 1159 4778 vestri
1175 4738 1227 4795 pro
1242 4722 1341 4795 aliquo
1357 4720 1529 4793 fidejubeat,
1539 4719 1583 4776 rel
1594 4719 1631 4777 ab
1642 4719 1744 4792 aliquo
1754 4736 1803 4793 pe·

85 4807 228 4883 Regulam
253 4811 341 4879 atque
365 4807 578 4864 institutionem
602 4806 829 4865 Cistercensium
854 4810 914 4867 ira·
969 4814 1087 4868 cuniam
1103 4815 1206 4868 mutuo
1215 4812 1342 4885 accipiat
1351 4810 1429 4868 ultra
1439 4810 1567 4884 pretium
1579 4808 1701 4883 capituli
1712 4807 1803 4867 vestri

87 4904 169 4958 trum
183 4902 213 4957 in
228 4903 329 4956 ecdem
342 4898 683 4954 monastericinstitutus
693 4899 915 4972 essedignosci·
969 4901 1152 4974 providentia
1174 4901 1382 4968 constitutum,
1399 4900 1456 4957 nisi
1482 4903 1599 4973 propter
1613 4896 1801 4956 manifestam

86 4994 145 5059 tur,
157 4986 424 5063 perpetuisibidem
434 4988 617 5060 temporibus
629 4987 835 5046 inviolabiliter
845 5005 913 5045 con·
968 4993 1074 5048 domus
1089 5000 1192 5048 vestre
1209 4990 1377 5046 utilitatem.
1403 4989 1486 5054 Quod
1502 4989 1528 5045 si
1543 4989 1639 5045 iacere
1653 5003 1797 5059 prasum-

85 5085 228 5136 servetur.
244 5078 385 5135 Praeterea
399 5093 592 5150 quascunque
607 5078 821 5150 possessiones,
837 5096 913 5152 que·
969 5080 1069 5153 pserit,
1084 5098 1143 5138 non
1157 5084 1294 5138 teneatur
1307 5082 1468 5137 conventus
1485 5078 1596 5151 probis
1607 5074 1799 5150 aliquatenus

120 5230 178 5344 (27)
194 5274 233 5330 De
246 5270 431 5344 Pandulpbo,
448 5272 498 5344 qui
512 5273 548 5327 ad
563 5273 725 5345 Epistolam
737 5290 758 5330 ιι
771 5291 862 5348 supra
872 5275 914 5331 ci·
1003 5276 1059 5349 (29)
1075 5278 1114 5334 ile
1129 5279 1255 5334 Gerardo
1278 5279 1367 5348 idem,
1390 5275 1522 5334 cedride
1545 5272 1708 5348 Epistulam
1729 5273 1798 5333 libri

83 5350 175 5402 tatum
200 5343 387 5417 subscriptus
410 5361 468 5401 non
493 5347 648 5417 reperitur,
663 5346 729 5402 vide
751 5345 912 5419 Epistulam
967 5349 1064 5421 quinti
1079 5366 1194 5419 txxarrr,
1211 5355 1271 5406 not.

84 5414 153 5475 libri
169 5418 238 5474 noni
251 5433 331 5500 cxtv,
347 5420 412 5499 not..
606 5488 611 5499 ⁹
710 5490 716 5502 1
857 5490 862 5501 .
1002 5421 1058 5491 (30)
1079 5422 1127 5478 sic
1151 5423 1197 5503 in·
1211 5420 1385 5493 apographo
1411 5417 1490 5547 wod
1519 5417 1551 5475 in
1575 5415 1798 5491 cartophylacio

119 5488 175 5573 (tii)
190 5488 229 5545 De
245 5489 388 5559 Gurdone,
405 5490 494 5546 idam.
515 5488 571 5545 Sed
585 5489 651 5546 urdo
665 5489 827 5563 Epistulam
843 5489 912 5547 libri
966 5497 1067 5576 nostro
1082 5498 1214 5576 reposuit
1236 5499 1271 5550 Ι).
1293 5492 1343 5575 Cb.
1362 5494 1398 5547 de
1452 5494 1515 5547 atta.
1539 5487 1662 5558 Verum,
1677 5505 1713 5547 ex
1727 5507 1797 5563 syn·

81 5563 162 5622 tertii
175 5578 276 5633 nuru,
292 5567 353 5620 nat.
964 5563 1143 5624 cbrcnrsmrs
1154 5568 1232 5624 carto
1248 5568 1358 5624 cartrus
1371 5562 1530 5638 legendum
1544 5565 1591 5621 est
1604 5560 1685 5620 tiss.
