<?xml version="1.0" encoding="UTF-8"?>
<!DOCTYPE html PUBLIC "-//W3C//DTD XHTML 1.0 Transitional//EN"
    "http://www.w3.org/TR/xhtml1/DTD/xhtml1-transitional.dtd">
<html xmlns="http://www.w3.org/1999/xhtml" xml:lang="en" lang="en">
 <head>
  <title>
</title>
<meta http-equiv="Content-Type" content="text/html;charset=utf-8" />
  <meta name='ocr-system' content='tesseract 3.04.00' />
  <meta name='ocr-capabilities' content='ocr_page ocr_carea ocr_par ocr_line ocrx_word'/>
</head>
<body>
  <div class='ocr_page' id='page_1' title='image "./patrologiaecurs27unkngoog_0286.png"; bbox 0 0 3796 5986; ppageno 0'>
   <div class='ocr_carea' id='block_1_1' title="bbox 402 270 1707 340">
    <p class='ocr_par' dir='ltr' id='par_1_1' title="bbox 402 270 1707 340">
     <span class='ocr_line' id='line_1_1' title="bbox 402 270 1707 340; baseline 0.002 -11"><span class='ocrx_word' id='word_1_1' title='bbox 402 270 647 340; x_wconf 72' lang='lat' dir='ltr'><strong>matexam,</strong></span> <span class='ocrx_word' id='word_1_2' title='bbox 666 274 704 329; x_wconf 78' lang='lat' dir='ltr'><strong>lli</strong></span> <span class='ocrx_word' id='word_1_3' title='bbox 723 271 836 329; x_wconf 75' lang='lat' dir='ltr'>FESTO</span> <span class='ocrx_word' id='word_1_4' title='bbox 853 271 885 327; x_wconf 82' lang='lat' dir='ltr'><strong>B.</strong></span> <span class='ocrx_word' id='word_1_5' title='bbox 908 273 1034 330; x_wconf 72' lang='lat' dir='ltr'><strong>usam</strong></span> <span class='ocrx_word' id='word_1_6' title='bbox 1052 273 1300 331; x_wconf 70' lang='lat' dir='ltr'>MAGDAIAEIOE.</span> <span class='ocrx_word' id='word_1_7' title='bbox 1651 272 1707 331; x_wconf 81' lang='lat'><strong>558</strong></span> 
     </span>
    </p>
   </div>
   <div class='ocr_carea' id='block_1_2' title="bbox 68 392 1708 2792">
    <p class='ocr_par' dir='ltr' id='par_1_2' title="bbox 68 392 1708 2792">
     <span class='ocr_line' id='line_1_2' title="bbox 71 392 1708 468; baseline 0.004 -20"><span class='ocrx_word' id='word_1_8' title='bbox 71 411 85 448; x_wconf 90' lang='lat' dir='ltr'><strong>r</strong></span> <span class='ocrx_word' id='word_1_9' title='bbox 100 392 334 467; x_wconf 81' lang='lat' dir='ltr'><strong>animas.Longs</strong></span> <span class='ocrx_word' id='word_1_10' title='bbox 349 410 427 450; x_wconf 92' lang='lat' dir='ltr'><strong>nunc</strong></span> <span class='ocrx_word' id='word_1_11' title='bbox 444 395 539 466; x_wconf 88' lang='lat' dir='ltr'><strong>major</strong></span> <span class='ocrx_word' id='word_1_12' title='bbox 553 399 582 452; x_wconf 93' lang='lat' dir='ltr'><strong>et</strong></span> <span class='ocrx_word' id='word_1_13' title='bbox 596 395 713 468; x_wconf 82' lang='lat' dir='ltr'><strong>dignior</strong></span> <span class='ocrx_word' id='word_1_14' title='bbox 723 399 822 452; x_wconf 90' lang='lat' dir='ltr'><strong>auoto-</strong></span> <span class='ocrx_word' id='word_1_15' title='bbox 837 393 994 466; x_wconf 74' lang='lat' dir='ltr'><strong>Ajustitiu</strong></span> <span class='ocrx_word' id='word_1_16' title='bbox 1011 413 1018 451; x_wconf 78' lang='grc' dir='ltr'><strong>ε</strong></span> <span class='ocrx_word' id='word_1_17' title='bbox 1034 396 1183 453; x_wconf 87' lang='lat' dir='ltr'><strong>interdum</strong></span> <span class='ocrx_word' id='word_1_18' title='bbox 1207 395 1392 468; x_wconf 88' lang='lat' dir='ltr'><strong>simpliciter,</strong></span> <span class='ocrx_word' id='word_1_19' title='bbox 1418 394 1565 453; x_wconf 89' lang='lat' dir='ltr'><strong>interdum</strong></span> <span class='ocrx_word' id='word_1_20' title='bbox 1590 398 1708 455; x_wconf 88' lang='lat' dir='ltr'><strong>subtill-</strong></span> 
     </span>
     <span class='ocr_line' id='line_1_3' title="bbox 68 483 1705 558; baseline 0.004 -21"><span class='ocrx_word' id='word_1_21' title='bbox 68 498 80 537; x_wconf 86' lang='lat' dir='ltr'><strong>e</strong></span> <span class='ocrx_word' id='word_1_22' title='bbox 97 483 208 547; x_wconf 87' lang='lat' dir='ltr'><strong>divina,</strong></span> <span class='ocrx_word' id='word_1_23' title='bbox 224 500 313 555; x_wconf 86' lang='lat' dir='ltr'><strong>quam</strong></span> <span class='ocrx_word' id='word_1_24' title='bbox 330 484 400 540; x_wconf 93' lang='lat' dir='ltr'><strong>olim</strong></span> <span class='ocrx_word' id='word_1_25' title='bbox 417 489 561 556; x_wconf 75' lang='lat' dir='ltr'><strong>potestate</strong></span> <span class='ocrx_word' id='word_1_26' title='bbox 576 489 704 541; x_wconf 89' lang='lat' dir='ltr'><strong>terrena.</strong></span> <span class='ocrx_word' id='word_1_27' title='bbox 721 485 774 541; x_wconf 89' lang='lat' dir='ltr'><strong>Per</strong></span> <span class='ocrx_word' id='word_1_28' title='bbox 788 484 825 540; x_wconf 94' lang='lat' dir='ltr'><strong>il·</strong></span> <span class='ocrx_word' id='word_1_29' title='bbox 879 486 1107 555; x_wconf 88' lang='lat' dir='ltr'><strong>ter;secuudum</strong></span> <span class='ocrx_word' id='word_1_30' title='bbox 1123 485 1327 554; x_wconf 86' lang='lat' dir='ltr'><strong>historiam‚et</strong></span> <span class='ocrx_word' id='word_1_31' title='bbox 1342 486 1505 542; x_wconf 90' lang='lat' dir='ltr'><strong>secundum</strong></span> <span class='ocrx_word' id='word_1_32' title='bbox 1519 485 1705 558; x_wconf 65' lang='lat' dir='ltr'><strong>allegoriam</strong></span> 
     </span>
     <span class='ocr_line' id='line_1_4' title="bbox 70 572 1704 650; baseline 0.004 -23"><span class='ocrx_word' id='word_1_33' title='bbox 70 572 185 629; x_wconf 86' lang='lat' dir='ltr'><strong>habeus</strong></span> <span class='ocrx_word' id='word_1_34' title='bbox 199 572 296 630; x_wconf 89' lang='lat' dir='ltr'><strong>claves</strong></span> <span class='ocrx_word' id='word_1_35' title='bbox 311 573 394 646; x_wconf 85' lang='lat' dir='ltr'><strong>regni</strong></span> <span class='ocrx_word' id='word_1_36' title='bbox 410 572 560 643; x_wconf 77' lang='lat' dir='ltr'><strong>colorum,</strong></span> <span class='ocrx_word' id='word_1_37' title='bbox 574 590 625 647; x_wconf 91' lang='lat' dir='ltr'><strong>per</strong></span> <span class='ocrx_word' id='word_1_38' title='bbox 639 574 727 631; x_wconf 89' lang='lat' dir='ltr'><strong>istam</strong></span> <span class='ocrx_word' id='word_1_39' title='bbox 744 574 824 631; x_wconf 89' lang='lat' dir='ltr'><strong>orbis</strong></span> <span class='ocrx_word' id='word_1_40' title='bbox 880 575 1044 632; x_wconf 89' lang='lat' dir='ltr'><strong>secundum</strong></span> <span class='ocrx_word' id='word_1_41' title='bbox 1059 591 1223 649; x_wconf 76' lang='lat' dir='ltr'>anagogen,</span> <span class='ocrx_word' id='word_1_42' title='bbox 1236 581 1265 632; x_wconf 90' lang='lat' dir='ltr'><strong>et</strong></span> <span class='ocrx_word' id='word_1_43' title='bbox 1288 576 1451 632; x_wconf 88' lang='lat' dir='ltr'><strong>seeundum</strong></span> <span class='ocrx_word' id='word_1_44' title='bbox 1477 575 1670 650; x_wconf 78' lang='lat' dir='ltr'><strong>tropologiam</strong></span> <span class='ocrx_word' id='word_1_45' title='bbox 1697 594 1704 633; x_wconf 91' lang='lat'>:</span> 
     </span>
     <span class='ocr_line' id='line_1_5' title="bbox 68 662 1707 737; baseline 0.004 -21"><span class='ocrx_word' id='word_1_46' title='bbox 68 677 140 717; x_wconf 85' lang='lat' dir='ltr'><strong>rum</strong></span> <span class='ocrx_word' id='word_1_47' title='bbox 157 678 263 734; x_wconf 79' lang='lat' dir='ltr'><strong>regens</strong></span> <span class='ocrx_word' id='word_1_48' title='bbox 277 662 418 720; x_wconf 87' lang='lat' dir='ltr'><strong>habenas.</strong></span> <span class='ocrx_word' id='word_1_49' title='bbox 430 667 472 718; x_wconf 88' lang='lat' dir='ltr'><strong>Ns</strong></span> <span class='ocrx_word' id='word_1_50' title='bbox 487 679 553 719; x_wconf 86' lang='lat' dir='ltr'><strong>vero</strong></span> <span class='ocrx_word' id='word_1_51' title='bbox 570 670 656 719; x_wconf 78' lang='lat' dir='ltr'><strong>tanin</strong></span> <span class='ocrx_word' id='word_1_52' title='bbox 671 662 824 733; x_wconf 71' lang='lat' dir='ltr'><strong>dignitatis</strong></span> <span class='ocrx_word' id='word_1_53' title='bbox 879 680 931 735; x_wconf 90' lang='lat' dir='ltr'><strong>per</strong></span> <span class='ocrx_word' id='word_1_54' title='bbox 944 666 1135 722; x_wconf 75' lang='lat' dir='ltr'><strong>auctoritates</strong></span> <span class='ocrx_word' id='word_1_55' title='bbox 1150 664 1338 735; x_wconf 63' lang='lat' dir='ltr'><strong>strationem</strong></span> <span class='ocrx_word' id='word_1_56' title='bbox 1359 681 1411 737; x_wconf 88' lang='lat' dir='ltr'><strong>per</strong></span> <span class='ocrx_word' id='word_1_57' title='bbox 1433 664 1654 732; x_wconf 82' lang='lat' dir='ltr'><strong>similitudines,</strong></span> <span class='ocrx_word' id='word_1_58' title='bbox 1677 672 1707 723; x_wconf 91' lang='lat' dir='ltr'><strong>et</strong></span> 
     </span>
     <span class='ocr_line' id='line_1_6' title="bbox 68 750 1072 827; baseline 0.003 -21"><span class='ocrx_word' id='word_1_59' title='bbox 68 768 99 820; x_wconf 77' lang='lat' dir='ltr'><strong>r,</strong></span> <span class='ocrx_word' id='word_1_60' title='bbox 114 750 159 807; x_wconf 87' lang='lat' dir='ltr'><strong>vel</strong></span> <span class='ocrx_word' id='word_1_61' title='bbox 175 751 275 823; x_wconf 91' lang='lat' dir='ltr'><strong>potius</strong></span> <span class='ocrx_word' id='word_1_62' title='bbox 291 753 366 808; x_wconf 91' lang='lat' dir='ltr'><strong>tanti</strong></span> <span class='ocrx_word' id='word_1_63' title='bbox 382 752 503 809; x_wconf 87' lang='lat' dir='ltr'><strong>honoris</strong></span> <span class='ocrx_word' id='word_1_64' title='bbox 519 753 648 823; x_wconf 75' lang='lat' dir='ltr'><strong>(tignitas</strong></span> <span class='ocrx_word' id='word_1_65' title='bbox 674 754 708 807; x_wconf 89' lang='lat' dir='ltr'><strong>ad</strong></span> <span class='ocrx_word' id='word_1_66' title='bbox 734 751 822 808; x_wconf 91' lang='lat' dir='ltr'><strong>aliam</strong></span> <span class='ocrx_word' id='word_1_67' title='bbox 878 754 1021 827; x_wconf 83' lang='lat' dir='ltr'><strong>exempla,</strong></span> <span class='ocrx_word' id='word_1_68' title='bbox 1039 758 1072 810; x_wconf 92' lang='lat' dir='ltr'><strong>ut</strong></span> 
     </span>
     <span class='ocr_line' id='line_1_7' title="bbox 69 841 1659 925; baseline 0.009 -31"><span class='ocrx_word' id='word_1_69' title='bbox 69 845 143 896; x_wconf 86' lang='lat' dir='ltr'><strong>atem</strong></span> <span class='ocrx_word' id='word_1_70' title='bbox 161 855 337 913; x_wconf 87' lang='lat' dir='ltr'><strong>quacunque</strong></span> <span class='ocrx_word' id='word_1_71' title='bbox 352 841 465 898; x_wconf 87' lang='lat' dir='ltr'><strong>rationo</strong></span> <span class='ocrx_word' id='word_1_72' title='bbox 481 842 632 908; x_wconf 72' lang='lat' dir='ltr'><strong>transiret,</strong></span> <span class='ocrx_word' id='word_1_73' title='bbox 647 842 697 897; x_wconf 79' lang='lat' dir='ltr'><strong>sed</strong></span> <span class='ocrx_word' id='word_1_74' title='bbox 714 841 743 896; x_wconf 87' lang='lat' dir='ltr'><strong>in</strong></span> <span class='ocrx_word' id='word_1_75' title='bbox 767 841 823 897; x_wconf 71' lang='lat' dir='ltr'><strong>hav</strong></span> <span class='ocrx_word' id='word_1_76' title='bbox 919 851 1040 923; x_wconf 80' lang='lat' dir='ltr'><strong>Sirrpnto</strong></span> <span class='ocrx_word' id='word_1_77' title='bbox 1054 867 1170 925; x_wconf 79' lang='lat' dir='ltr'><strong>quaeqne</strong></span> <span class='ocrx_word' id='word_1_78' title='bbox 1186 853 1276 909; x_wconf 67' lang='lat' dir='ltr'><strong>mcum</strong></span> <span class='ocrx_word' id='word_1_79' title='bbox 1286 860 1396 908; x_wconf 80' lang='lat' dir='ltr'><strong>teneant</strong></span> <span class='ocrx_word' id='word_1_80' title='bbox 1410 852 1509 910; x_wconf 82' lang='lat' dir='ltr'><strong>sortito</strong></span> <span class='ocrx_word' id='word_1_81' title='bbox 1522 855 1659 910; x_wconf 74' lang='lat' dir='ltr'><strong>decenter.</strong></span> 
     </span>
     <span class='ocr_line' id='line_1_8' title="bbox 77 924 1660 1002; baseline -0.001 -18"><span class='ocrx_word' id='word_1_82' title='bbox 77 930 163 1000; x_wconf 78' lang='lat' dir='ltr'><strong>justa</strong></span> <span class='ocrx_word' id='word_1_83' title='bbox 178 929 400 1000; x_wconf 83' lang='lat' dir='ltr'><strong>dispositionem</strong></span> <span class='ocrx_word' id='word_1_84' title='bbox 423 935 565 1002; x_wconf 87' lang='lat' dir='ltr'><strong>perpetus</strong></span> <span class='ocrx_word' id='word_1_85' title='bbox 590 928 654 1001; x_wconf 83' lang='lat' dir='ltr'><strong>lege</strong></span> <span class='ocrx_word' id='word_1_86' title='bbox 678 935 821 986; x_wconf 90' lang='lat' dir='ltr'><strong>rnancret.</strong></span> <span class='ocrx_word' id='word_1_87' title='bbox 1237 924 1367 996; x_wconf 66' lang='lat' dir='ltr'><strong>(Hense,</strong></span> <span class='ocrx_word' id='word_1_88' title='bbox 1384 926 1420 981; x_wconf 79' lang='lat' dir='ltr'><strong>lie</strong></span> <span class='ocrx_word' id='word_1_89' title='bbox 1433 935 1488 981; x_wconf 85' lang='lat' dir='ltr'><strong>nrt.</strong></span> <span class='ocrx_word' id='word_1_90' title='bbox 1503 935 1586 997; x_wconf 82' lang='lat' dir='ltr'><strong>poet,</strong></span> <span class='ocrx_word' id='word_1_91' title='bbox 1602 926 1660 998; x_wconf 80' lang='grc'>92.)</span> 
     </span>
     <span class='ocr_line' id='line_1_9' title="bbox 86 1018 1703 1095; baseline 0.006 -22"><span class='ocrx_word' id='word_1_92' title='bbox 86 1018 190 1074; x_wconf 90' lang='lat' dir='ltr'><strong>Petrus</strong></span> <span class='ocrx_word' id='word_1_93' title='bbox 205 1019 442 1091; x_wconf 82' lang='lat' dir='ltr'><strong>persecutionem</strong></span> <span class='ocrx_word' id='word_1_94' title='bbox 459 1019 576 1091; x_wconf 84' lang='lat' dir='ltr'><strong>lugiens</strong></span> <span class='ocrx_word' id='word_1_95' title='bbox 590 1018 756 1075; x_wconf 81' lang='lat' dir='ltr'><strong>infidelium</strong></span> <span class='ocrx_word' id='word_1_96' title='bbox 772 1036 822 1074; x_wconf 90' lang='lat' dir='ltr'><strong>ur·</strong></span> <span class='ocrx_word' id='word_1_97' title='bbox 877 1021 935 1077; x_wconf 88' lang='lat' dir='ltr'><strong>Ista</strong></span> <span class='ocrx_word' id='word_1_98' title='bbox 951 1025 1022 1078; x_wconf 90' lang='lat' dir='ltr'><strong>suut</strong></span> <span class='ocrx_word' id='word_1_99' title='bbox 1038 1021 1097 1091; x_wconf 87' lang='lat' dir='ltr'><strong>iila,</strong></span> <span class='ocrx_word' id='word_1_100' title='bbox 1114 1021 1177 1078; x_wconf 74' lang='lat' dir='ltr'><strong>istac</strong></span> <span class='ocrx_word' id='word_1_101' title='bbox 1201 1027 1272 1079; x_wconf 91' lang='lat' dir='ltr'><strong>sunt</strong></span> <span class='ocrx_word' id='word_1_102' title='bbox 1295 1022 1422 1090; x_wconf 79' lang='lat' dir='ltr'><strong>chorda,</strong></span> <span class='ocrx_word' id='word_1_103' title='bbox 1448 1023 1484 1079; x_wconf 92' lang='lat' dir='ltr'><strong>de</strong></span> <span class='ocrx_word' id='word_1_104' title='bbox 1510 1022 1619 1095; x_wconf 91' lang='lat' dir='ltr'><strong>quibus</strong></span> <span class='ocrx_word' id='word_1_105' title='bbox 1643 1029 1703 1082; x_wconf 90' lang='lat' dir='ltr'><strong>rete</strong></span> 
     </span>
     <span class='ocr_line' id='line_1_10' title="bbox 77 1107 1703 1186; baseline 0.006 -24"><span class='ocrx_word' id='word_1_106' title='bbox 77 1107 195 1175; x_wconf 78' lang='lat' dir='ltr'><strong>exisset,</strong></span> <span class='ocrx_word' id='word_1_107' title='bbox 212 1108 349 1180; x_wconf 86' lang='lat' dir='ltr'><strong>apparuit</strong></span> <span class='ocrx_word' id='word_1_108' title='bbox 363 1108 389 1164; x_wconf 93' lang='lat' dir='ltr'><strong>ei</strong></span> <span class='ocrx_word' id='word_1_109' title='bbox 414 1108 556 1164; x_wconf 81' lang='lat' dir='ltr'><strong>Dominus</strong></span> <span class='ocrx_word' id='word_1_110' title='bbox 576 1107 662 1179; x_wconf 81' lang='lat' dir='ltr'><strong>juxta</strong></span> <span class='ocrx_word' id='word_1_111' title='bbox 684 1107 785 1163; x_wconf 88' lang='lat' dir='ltr'><strong>urbem</strong></span> <span class='ocrx_word' id='word_1_112' title='bbox 813 1123 820 1163; x_wconf 76' lang='grc' dir='ltr'><em>τ</em></span> <span class='ocrx_word' id='word_1_113' title='bbox 877 1113 1071 1186; x_wconf 87' lang='lat' dir='ltr'><strong>connectitur,</strong></span> <span class='ocrx_word' id='word_1_114' title='bbox 1089 1113 1116 1169; x_wconf 90' lang='lat' dir='ltr'><strong>id</strong></span> <span class='ocrx_word' id='word_1_115' title='bbox 1133 1117 1178 1170; x_wconf 88' lang='lat' dir='ltr'><strong>est</strong></span> <span class='ocrx_word' id='word_1_116' title='bbox 1194 1113 1361 1186; x_wconf 74' lang='lat' dir='ltr'><strong>pradicatio</strong></span> <span class='ocrx_word' id='word_1_117' title='bbox 1386 1113 1589 1170; x_wconf 82' lang='lat' dir='ltr'><strong>confirmatur.</strong></span> <span class='ocrx_word' id='word_1_118' title='bbox 1616 1119 1703 1172; x_wconf 86' lang='lat' dir='ltr'><strong>Docet</strong></span> 
     </span>
     <span class='ocr_line' id='line_1_11' title="bbox 69 1188 1700 1276; baseline 0.007 -26"><span class='ocrx_word' id='word_1_119' title='bbox 69 1211 133 1251; x_wconf 78' lang='lat' dir='ltr'><strong>rum</strong></span> <span class='ocrx_word' id='word_1_120' title='bbox 149 1200 254 1252; x_wconf 85' lang='lat' dir='ltr'><strong>Petrus</strong></span> <span class='ocrx_word' id='word_1_121' title='bbox 269 1196 392 1254; x_wconf 83' lang='lat' dir='ltr'><strong>dixisset</strong></span> <span class='ocrx_word' id='word_1_122' title='bbox 406 1214 415 1253; x_wconf 77' lang='lat' dir='ltr'><strong>a</strong></span> <span class='ocrx_word' id='word_1_123' title='bbox 431 1221 445 1249; x_wconf 72' lang='grc' dir='ltr'>α</span> <span class='ocrx_word' id='word_1_124' title='bbox 464 1198 594 1266; x_wconf 84' lang='lat' dir='ltr'><strong>Domine,</strong></span> <span class='ocrx_word' id='word_1_125' title='bbox 610 1214 669 1271; x_wconf 92' lang='lat' dir='ltr'><strong>quc</strong></span> <span class='ocrx_word' id='word_1_126' title='bbox 684 1196 790 1253; x_wconf 74' lang='lat' dir='ltr'><strong>vadis?</strong></span> <span class='ocrx_word' id='word_1_127' title='bbox 806 1219 820 1250; x_wconf 82' lang='lat' dir='ltr'><strong>n</strong></span> <span class='ocrx_word' id='word_1_128' title='bbox 876 1200 931 1257; x_wconf 91' lang='lat' dir='ltr'><strong>hoc</strong></span> <span class='ocrx_word' id='word_1_129' title='bbox 945 1203 1082 1276; x_wconf 79' lang='lat' dir='ltr'><strong>egregius</strong></span> <span class='ocrx_word' id='word_1_130' title='bbox 1097 1202 1281 1275; x_wconf 76' lang='lat' dir='ltr'><strong>predicator,</strong></span> <span class='ocrx_word' id='word_1_131' title='bbox 1306 1202 1357 1275; x_wconf 88' lang='lat' dir='ltr'><strong>qui</strong></span> <span class='ocrx_word' id='word_1_132' title='bbox 1382 1203 1417 1259; x_wconf 91' lang='lat' dir='ltr'><strong>de</strong></span> <span class='ocrx_word' id='word_1_133' title='bbox 1441 1188 1538 1276; x_wconf 84' lang='lat' dir='ltr'><strong>seipso</strong></span> <span class='ocrx_word' id='word_1_134' title='bbox 1562 1202 1605 1260; x_wconf 91' lang='lat' dir='ltr'><strong>sic</strong></span> <span class='ocrx_word' id='word_1_135' title='bbox 1631 1204 1673 1261; x_wconf 86' lang='lat' dir='ltr'><strong>sit</strong></span> <span class='ocrx_word' id='word_1_136' title='bbox 1693 1221 1700 1261; x_wconf 94' lang='lat'><strong>:</strong></span> 
     </span>
     <span class='ocr_line' id='line_1_12' title="bbox 69 1284 1700 1366; baseline 0.008 -27"><span class='ocrx_word' id='word_1_137' title='bbox 69 1284 144 1339; x_wconf 81' lang='lat' dir='ltr'><strong>indit</strong></span> <span class='ocrx_word' id='word_1_138' title='bbox 155 1300 161 1339; x_wconf 95' lang='lat'><strong>:</strong></span> <span class='ocrx_word' id='word_1_139' title='bbox 174 1307 189 1335; x_wconf 74' lang='grc' dir='ltr'>α</span> <span class='ocrx_word' id='word_1_140' title='bbox 200 1285 283 1342; x_wconf 86' lang='lat' dir='ltr'><strong>Vnde</strong></span> <span class='ocrx_word' id='word_1_141' title='bbox 298 1290 419 1343; x_wconf 83' lang='lat' dir='ltr'><strong>Romam</strong></span> <span class='ocrx_word' id='word_1_142' title='bbox 435 1287 542 1344; x_wconf 90' lang='lat' dir='ltr'><strong>iterum</strong></span> <span class='ocrx_word' id='word_1_143' title='bbox 560 1286 703 1360; x_wconf 78' lang='lat' dir='ltr'><strong>crucifigi.</strong></span> <span class='ocrx_word' id='word_1_144' title='bbox 715 1308 728 1336; x_wconf 76' lang='lat' dir='ltr'><strong>a</strong></span> <span class='ocrx_word' id='word_1_145' title='bbox 739 1286 820 1352; x_wconf 90' lang='lat' dir='ltr'><strong>Quod</strong></span> <span class='ocrx_word' id='word_1_146' title='bbox 876 1311 890 1340; x_wconf 92' lang='lat'>«</span> <span class='ocrx_word' id='word_1_147' title='bbox 907 1291 1088 1364; x_wconf 89' lang='lat' dir='ltr'><strong>Sapientiam</strong></span> <span class='ocrx_word' id='word_1_148' title='bbox 1104 1291 1256 1366; x_wconf 88' lang='lat' dir='ltr'><strong>loquimur</strong></span> <span class='ocrx_word' id='word_1_149' title='bbox 1271 1291 1348 1348; x_wconf 90' lang='lat' dir='ltr'><strong>inter</strong></span> <span class='ocrx_word' id='word_1_150' title='bbox 1362 1292 1524 1365; x_wconf 90' lang='lat' dir='ltr'><strong>periectos,</strong></span> <span class='ocrx_word' id='word_1_151' title='bbox 1549 1293 1627 1351; x_wconf 90' lang='lat' dir='ltr'><strong>inter</strong></span> <span class='ocrx_word' id='word_1_152' title='bbox 1647 1310 1700 1352; x_wconf 90' lang='lat' dir='ltr'><strong>vos</strong></span> 
     </span>
     <span class='ocr_line' id='line_1_13' title="bbox 69 1375 1702 1454; baseline 0.007 -25"><span class='ocrx_word' id='word_1_153' title='bbox 69 1391 96 1431; x_wconf 88' lang='lat' dir='ltr'><strong>rs</strong></span> <span class='ocrx_word' id='word_1_154' title='bbox 111 1375 281 1448; x_wconf 83' lang='lat' dir='ltr'><strong>intelligens</strong></span> <span class='ocrx_word' id='word_1_155' title='bbox 296 1393 348 1448; x_wconf 92' lang='lat' dir='ltr'><strong>pro</strong></span> <span class='ocrx_word' id='word_1_156' title='bbox 363 1393 394 1433; x_wconf 90' lang='lat' dir='ltr'><strong>se</strong></span> <span class='ocrx_word' id='word_1_157' title='bbox 407 1378 569 1449; x_wconf 89' lang='lat' dir='ltr'><strong>dictum,ut</strong></span> <span class='ocrx_word' id='word_1_158' title='bbox 583 1377 718 1434; x_wconf 88' lang='lat' dir='ltr'><strong>videlicet</strong></span> <span class='ocrx_word' id='word_1_159' title='bbox 732 1380 822 1449; x_wconf 88' lang='lat' dir='ltr'><strong>caput</strong></span> <span class='ocrx_word' id='word_1_160' title='bbox 876 1383 975 1437; x_wconf 88' lang='lat' dir='ltr'><strong>sutem</strong></span> <span class='ocrx_word' id='word_1_161' title='bbox 990 1397 1049 1437; x_wconf 90' lang='lat' dir='ltr'><strong>uon</strong></span> <span class='ocrx_word' id='word_1_162' title='bbox 1060 1381 1193 1453; x_wconf 80' lang='lat' dir='ltr'><strong>judicavi</strong></span> <span class='ocrx_word' id='word_1_163' title='bbox 1207 1398 1252 1439; x_wconf 91' lang='lat' dir='ltr'><strong>me</strong></span> <span class='ocrx_word' id='word_1_164' title='bbox 1272 1381 1348 1439; x_wconf 88' lang='lat' dir='ltr'><strong>scira</strong></span> <span class='ocrx_word' id='word_1_165' title='bbox 1371 1381 1496 1454; x_wconf 91' lang='lat' dir='ltr'><strong>aliquid,</strong></span> <span class='ocrx_word' id='word_1_166' title='bbox 1521 1381 1577 1440; x_wconf 93' lang='lat' dir='ltr'><strong>nisi</strong></span> <span class='ocrx_word' id='word_1_167' title='bbox 1597 1383 1702 1441; x_wconf 79' lang='lat' dir='ltr'><strong>iesum</strong></span> 
     </span>
     <span class='ocr_line' id='line_1_14' title="bbox 69 1463 1701 1544; baseline 0.007 -26"><span class='ocrx_word' id='word_1_168' title='bbox 69 1463 216 1536; x_wconf 85' lang='lat' dir='ltr'><strong>itlgeretur</strong></span> <span class='ocrx_word' id='word_1_169' title='bbox 230 1464 261 1520; x_wconf 93' lang='lat' dir='ltr'><strong>in</strong></span> <span class='ocrx_word' id='word_1_170' title='bbox 277 1466 421 1538; x_wconf 86' lang='lat' dir='ltr'><strong>membro,</strong></span> <span class='ocrx_word' id='word_1_171' title='bbox 437 1467 522 1523; x_wconf 86' lang='lat' dir='ltr'><strong>rediit</strong></span> <span class='ocrx_word' id='word_1_172' title='bbox 538 1468 573 1523; x_wconf 90' lang='lat' dir='ltr'><strong>sd</strong></span> <span class='ocrx_word' id='word_1_173' title='bbox 591 1468 712 1536; x_wconf 82' lang='lat' dir='ltr'><strong>urbem3</strong></span> <span class='ocrx_word' id='word_1_174' title='bbox 729 1481 819 1538; x_wconf 89' lang='lat' dir='ltr'><strong>quam</strong></span> <span class='ocrx_word' id='word_1_175' title='bbox 875 1468 1037 1540; x_wconf 86' lang='lat' dir='ltr'><strong>christum,</strong></span> <span class='ocrx_word' id='word_1_176' title='bbox 1054 1474 1083 1527; x_wconf 90' lang='lat' dir='ltr'><strong>ct</strong></span> <span class='ocrx_word' id='word_1_177' title='bbox 1095 1470 1174 1528; x_wconf 89' lang='lat' dir='ltr'><strong>huno</strong></span> <span class='ocrx_word' id='word_1_178' title='bbox 1188 1470 1361 1528; x_wconf 83' lang='lat' dir='ltr'><strong>crucifixum</strong></span> <span class='ocrx_word' id='word_1_179' title='bbox 1379 1473 1403 1542; x_wconf 89' lang='lat' dir='ltr'><strong>(l</strong></span> <span class='ocrx_word' id='word_1_180' title='bbox 1417 1472 1477 1528; x_wconf 84' lang='lat' dir='ltr'><strong>Cor.</strong></span> <span class='ocrx_word' id='word_1_181' title='bbox 1492 1472 1535 1544; x_wconf 80' lang='grc' dir='ltr'><strong>ιι).</strong></span> <span class='ocrx_word' id='word_1_182' title='bbox 1553 1494 1564 1522; x_wconf 74' lang='grc' dir='ltr'>ι</span> <span class='ocrx_word' id='word_1_183' title='bbox 1590 1472 1626 1528; x_wconf 84' lang='lat' dir='ltr'><strong>Et</strong></span> <span class='ocrx_word' id='word_1_184' title='bbox 1648 1473 1701 1530; x_wconf 91' lang='lat' dir='ltr'><strong>ite-</strong></span> 
     </span>
     <span class='ocr_line' id='line_1_15' title="bbox 69 1553 1701 1634; baseline 0.007 -26"><span class='ocrx_word' id='word_1_185' title='bbox 69 1568 109 1608; x_wconf 72' lang='lat' dir='ltr'><strong>am</strong></span> <span class='ocrx_word' id='word_1_186' title='bbox 123 1553 152 1609; x_wconf 93' lang='lat' dir='ltr'><strong>in</strong></span> <span class='ocrx_word' id='word_1_187' title='bbox 164 1554 261 1610; x_wconf 91' lang='lat' dir='ltr'><strong>crucis</strong></span> <span class='ocrx_word' id='word_1_188' title='bbox 273 1555 404 1626; x_wconf 91' lang='lat' dir='ltr'><strong>patibulo</strong></span> <span class='ocrx_word' id='word_1_189' title='bbox 415 1555 818 1629; x_wconf 83' lang='lat' dir='ltr'><strong>suosanguineconsecrsvit.</strong></span> <span class='ocrx_word' id='word_1_190' title='bbox 875 1575 941 1614; x_wconf 87' lang='lat' dir='ltr'><strong>rum</strong></span> <span class='ocrx_word' id='word_1_191' title='bbox 958 1575 965 1614; x_wconf 89' lang='lat'>:</span> <span class='ocrx_word' id='word_1_192' title='bbox 983 1581 998 1610; x_wconf 80' lang='lat' dir='ltr'><strong>a</strong></span> <span class='ocrx_word' id='word_1_193' title='bbox 1014 1564 1078 1616; x_wconf 87' lang='lat' dir='ltr'><strong>Non</strong></span> <span class='ocrx_word' id='word_1_194' title='bbox 1091 1560 1173 1632; x_wconf 90' lang='lat' dir='ltr'><strong>potui</strong></span> <span class='ocrx_word' id='word_1_195' title='bbox 1188 1559 1270 1634; x_wconf 93' lang='lat' dir='ltr'><strong>loqui</strong></span> <span class='ocrx_word' id='word_1_196' title='bbox 1285 1561 1367 1618; x_wconf 83' lang='lat' dir='ltr'><strong>vobis</strong></span> <span class='ocrx_word' id='word_1_197' title='bbox 1382 1561 1468 1634; x_wconf 88' lang='lat' dir='ltr'><strong>quasi</strong></span> <span class='ocrx_word' id='word_1_198' title='bbox 1484 1558 1701 1633; x_wconf 80' lang='lat' dir='ltr'><strong>spiritualibus,</strong></span> 
     </span>
     <span class='ocr_line' id='line_1_16' title="bbox 69 1641 1700 1724; baseline 0.006 -26"><span class='ocrx_word' id='word_1_199' title='bbox 69 1641 102 1700; x_wconf 89' lang='lat' dir='ltr'><strong>rit</strong></span> <span class='ocrx_word' id='word_1_200' title='bbox 117 1647 215 1701; x_wconf 88' lang='lat' dir='ltr'><strong>antem</strong></span> <span class='ocrx_word' id='word_1_201' title='bbox 231 1644 344 1702; x_wconf 88' lang='lat' dir='ltr'><strong>socium</strong></span> <span class='ocrx_word' id='word_1_202' title='bbox 359 1645 565 1703; x_wconf 90' lang='lat' dir='ltr'><strong>beatissimum</strong></span> <span class='ocrx_word' id='word_1_203' title='bbox 580 1645 715 1702; x_wconf 85' lang='lat' dir='ltr'><strong>Paulum.</strong></span> <span class='ocrx_word' id='word_1_204' title='bbox 736 1645 819 1703; x_wconf 84' lang='lat' dir='ltr'><strong>Unda</strong></span> <span class='ocrx_word' id='word_1_205' title='bbox 875 1649 926 1703; x_wconf 88' lang='lat' dir='ltr'><strong>sod</strong></span> <span class='ocrx_word' id='word_1_206' title='bbox 940 1649 1025 1721; x_wconf 91' lang='lat' dir='ltr'><strong>quasi</strong></span> <span class='ocrx_word' id='word_1_207' title='bbox 1041 1649 1220 1713; x_wconf 82' lang='lat' dir='ltr'><strong>carnalibus,</strong></span> <span class='ocrx_word' id='word_1_208' title='bbox 1235 1655 1378 1724; x_wconf 85' lang='lat' dir='ltr'><strong>tanquam</strong></span> <span class='ocrx_word' id='word_1_209' title='bbox 1396 1649 1525 1721; x_wconf 87' lang='lat' dir='ltr'><strong>parvulis</strong></span> <span class='ocrx_word' id='word_1_210' title='bbox 1540 1649 1569 1706; x_wconf 92' lang='lat' dir='ltr'><strong>in</strong></span> <span class='ocrx_word' id='word_1_211' title='bbox 1584 1650 1700 1708; x_wconf 87' lang='lat' dir='ltr'><strong>cbristo</strong></span> 
     </span>
     <span class='ocr_line' id='line_1_17' title="bbox 77 1731 1699 1812; baseline 0.006 -23"><span class='ocrx_word' id='word_1_212' title='bbox 77 1731 268 1806; x_wconf 82' lang='lat' dir='ltr'><strong>singulariter</strong></span> <span class='ocrx_word' id='word_1_213' title='bbox 278 1735 468 1806; x_wconf 79' lang='lat' dir='ltr'><strong>premittitur</strong></span> <span class='ocrx_word' id='word_1_214' title='bbox 483 1751 490 1791; x_wconf 91' lang='lat'><strong>:</strong></span> <span class='ocrx_word' id='word_1_215' title='bbox 508 1740 567 1792; x_wconf 86' lang='lat' dir='ltr'><strong>Duc</strong></span> <span class='ocrx_word' id='word_1_216' title='bbox 582 1737 612 1791; x_wconf 87' lang='lat' dir='ltr'><strong>in</strong></span> <span class='ocrx_word' id='word_1_217' title='bbox 627 1735 725 1803; x_wconf 84' lang='lat' dir='ltr'><strong>ultum,</strong></span> <span class='ocrx_word' id='word_1_218' title='bbox 752 1733 818 1808; x_wconf 88' lang='lat' dir='ltr'><strong>plu·</strong></span> <span class='ocrx_word' id='word_1_219' title='bbox 875 1735 919 1792; x_wconf 86' lang='lat' dir='ltr'><strong>luc</strong></span> <span class='ocrx_word' id='word_1_220' title='bbox 934 1737 1019 1795; x_wconf 85' lang='lat' dir='ltr'><strong>vobis</strong></span> <span class='ocrx_word' id='word_1_221' title='bbox 1031 1744 1133 1810; x_wconf 88' lang='lat' dir='ltr'><strong>potum</strong></span> <span class='ocrx_word' id='word_1_222' title='bbox 1149 1739 1289 1808; x_wconf 90' lang='lat' dir='ltr'><strong>dedi,non</strong></span> <span class='ocrx_word' id='word_1_223' title='bbox 1305 1756 1403 1796; x_wconf 91' lang='lat' dir='ltr'><strong>escum</strong></span> <span class='ocrx_word' id='word_1_224' title='bbox 1416 1739 1442 1808; x_wconf 87' lang='lat' dir='ltr'><strong>(l</strong></span> <span class='ocrx_word' id='word_1_225' title='bbox 1458 1739 1517 1796; x_wconf 87' lang='lat' dir='ltr'><strong>Cor.</strong></span> <span class='ocrx_word' id='word_1_226' title='bbox 1534 1741 1588 1812; x_wconf 83' lang='lat' dir='ltr'><strong>ru).</strong></span> <span class='ocrx_word' id='word_1_227' title='bbox 1604 1759 1618 1792; x_wconf 76' lang='lat' dir='ltr'><strong>a</strong></span> <span class='ocrx_word' id='word_1_228' title='bbox 1642 1741 1699 1797; x_wconf 83' lang='lat' dir='ltr'><strong>lle-</strong></span> 
     </span>
     <span class='ocr_line' id='line_1_18' title="bbox 69 1820 1698 1903; baseline 0.006 -26"><span class='ocrx_word' id='word_1_229' title='bbox 69 1838 92 1879; x_wconf 79' lang='lat' dir='ltr'><strong>rr</strong></span> <span class='ocrx_word' id='word_1_230' title='bbox 105 1823 242 1879; x_wconf 86' lang='lat' dir='ltr'><strong>subditur</strong></span> <span class='ocrx_word' id='word_1_231' title='bbox 257 1839 263 1878; x_wconf 94' lang='lat'>:</span> <span class='ocrx_word' id='word_1_232' title='bbox 280 1824 311 1879; x_wconf 83' lang='lat' dir='ltr'><strong>Et</strong></span> <span class='ocrx_word' id='word_1_233' title='bbox 326 1823 419 1880; x_wconf 74' lang='lat' dir='ltr'><strong>luente</strong></span> <span class='ocrx_word' id='word_1_234' title='bbox 433 1828 503 1880; x_wconf 81' lang='lat' dir='ltr'><strong>retur</strong></span> <span class='ocrx_word' id='word_1_235' title='bbox 518 1823 548 1878; x_wconf 85' lang='lat' dir='ltr'><strong>in</strong></span> <span class='ocrx_word' id='word_1_236' title='bbox 570 1828 724 1896; x_wconf 73' lang='lat' dir='ltr'><strong>continens,</strong></span> <span class='ocrx_word' id='word_1_237' title='bbox 749 1820 819 1894; x_wconf 89' lang='lat' dir='ltr'><strong>quia</strong></span> <span class='ocrx_word' id='word_1_238' title='bbox 873 1825 955 1883; x_wconf 89' lang='lat' dir='ltr'><strong>tibus</strong></span> <span class='ocrx_word' id='word_1_239' title='bbox 971 1833 1069 1883; x_wconf 88' lang='lat' dir='ltr'><strong>autern</strong></span> <span class='ocrx_word' id='word_1_240' title='bbox 1084 1833 1114 1884; x_wconf 87' lang='lat' dir='ltr'><strong>et</strong></span> <span class='ocrx_word' id='word_1_241' title='bbox 1129 1829 1224 1900; x_wconf 84' lang='lat' dir='ltr'><strong>pisces</strong></span> <span class='ocrx_word' id='word_1_242' title='bbox 1239 1834 1269 1884; x_wconf 88' lang='lat' dir='ltr'><strong>et</strong></span> <span class='ocrx_word' id='word_1_243' title='bbox 1284 1828 1453 1886; x_wconf 82' lang='lat' dir='ltr'><strong>volucreset</strong></span> <span class='ocrx_word' id='word_1_244' title='bbox 1464 1829 1563 1886; x_wconf 78' lang='lat' dir='ltr'><strong>bestiae</strong></span> <span class='ocrx_word' id='word_1_245' title='bbox 1579 1829 1698 1903; x_wconf 88' lang='lat' dir='ltr'><strong>capiun-</strong></span> 
     </span>
     <span class='ocr_line' id='line_1_19' title="bbox 69 1913 1698 1989; baseline 0.004 -22"><span class='ocrx_word' id='word_1_246' title='bbox 69 1913 191 1970; x_wconf 83' lang='lat' dir='ltr'><strong>rl’etrns</strong></span> <span class='ocrx_word' id='word_1_247' title='bbox 204 1917 347 1985; x_wconf 89' lang='lat' dir='ltr'><strong>tanquam</strong></span> <span class='ocrx_word' id='word_1_248' title='bbox 362 1913 540 1970; x_wconf 88' lang='lat' dir='ltr'><strong>universalis</strong></span> <span class='ocrx_word' id='word_1_249' title='bbox 557 1914 694 1986; x_wconf 90' lang='lat' dir='ltr'><strong>princeps</strong></span> <span class='ocrx_word' id='word_1_250' title='bbox 718 1913 817 1969; x_wconf 81' lang='lat' dir='ltr'><strong>Eccle·</strong></span> <span class='ocrx_word' id='word_1_251' title='bbox 872 1919 930 1973; x_wconf 93' lang='lat' dir='ltr'><strong>tur.</strong></span> <span class='ocrx_word' id='word_1_252' title='bbox 948 1917 1001 1973; x_wconf 88' lang='lat' dir='ltr'><strong>Sed</strong></span> <span class='ocrx_word' id='word_1_253' title='bbox 1017 1916 1113 1989; x_wconf 87' lang='lat' dir='ltr'><strong>pisces</strong></span> <span class='ocrx_word' id='word_1_254' title='bbox 1125 1917 1155 1973; x_wconf 94' lang='lat' dir='ltr'><strong>in</strong></span> <span class='ocrx_word' id='word_1_255' title='bbox 1175 1934 1260 1988; x_wconf 86' lang='lat' dir='ltr'><strong>aqua,</strong></span> <span class='ocrx_word' id='word_1_256' title='bbox 1284 1918 1417 1973; x_wconf 88' lang='lat' dir='ltr'><strong>volucres</strong></span> <span class='ocrx_word' id='word_1_257' title='bbox 1441 1917 1471 1973; x_wconf 92' lang='lat' dir='ltr'><strong>in</strong></span> <span class='ocrx_word' id='word_1_258' title='bbox 1496 1934 1573 1988; x_wconf 87' lang='lat' dir='ltr'><strong>aere,</strong></span> <span class='ocrx_word' id='word_1_259' title='bbox 1596 1919 1698 1975; x_wconf 75' lang='lat' dir='ltr'><strong>bestias</strong></span> 
     </span>
     <span class='ocr_line' id='line_1_20' title="bbox 70 2002 1698 2079; baseline 0.004 -21"><span class='ocrx_word' id='word_1_260' title='bbox 70 2019 86 2058; x_wconf 94' lang='lat' dir='ltr'><strong>u</strong></span> <span class='ocrx_word' id='word_1_261' title='bbox 103 2002 289 2059; x_wconf 84' lang='lat' dir='ltr'><strong>altitudinem</strong></span> <span class='ocrx_word' id='word_1_262' title='bbox 306 2019 451 2075; x_wconf 73' lang='lat' dir='ltr'><strong>supremas</strong></span> <span class='ocrx_word' id='word_1_263' title='bbox 469 2002 648 2075; x_wconf 81' lang='lat' dir='ltr'><strong>prolationis</strong></span> <span class='ocrx_word' id='word_1_264' title='bbox 673 2002 817 2069; x_wconf 87' lang='lat' dir='ltr'><strong>ascendit,</strong></span> <span class='ocrx_word' id='word_1_265' title='bbox 872 2005 1032 2078; x_wconf 85' lang='lat' dir='ltr'><strong>capiuntur</strong></span> <span class='ocrx_word' id='word_1_266' title='bbox 1047 2007 1077 2063; x_wconf 93' lang='lat' dir='ltr'><strong>in</strong></span> <span class='ocrx_word' id='word_1_267' title='bbox 1094 2012 1182 2063; x_wconf 87' lang='lat' dir='ltr'><strong>terra.</strong></span> <span class='ocrx_word' id='word_1_268' title='bbox 1200 2007 1295 2063; x_wconf 86' lang='lat' dir='ltr'><strong>Pisces</strong></span> <span class='ocrx_word' id='word_1_269' title='bbox 1311 2006 1520 2079; x_wconf 82' lang='lat' dir='ltr'><strong>intelliguntur</strong></span> <span class='ocrx_word' id='word_1_270' title='bbox 1542 2006 1698 2079; x_wconf 88' lang='lat' dir='ltr'><strong>luxuriosi,</strong></span> 
     </span>
     <span class='ocr_line' id='line_1_21' title="bbox 69 2091 1698 2169; baseline 0.003 -21"><span class='ocrx_word' id='word_1_271' title='bbox 69 2108 151 2164; x_wconf 90' lang='lat' dir='ltr'><strong>psum</strong></span> <span class='ocrx_word' id='word_1_272' title='bbox 163 2108 228 2149; x_wconf 91' lang='lat' dir='ltr'><strong>cum</strong></span> <span class='ocrx_word' id='word_1_273' title='bbox 241 2091 331 2149; x_wconf 87' lang='lat' dir='ltr'><strong>Paulo</strong></span> <span class='ocrx_word' id='word_1_274' title='bbox 342 2093 414 2148; x_wconf 89' lang='lat' dir='ltr'><strong>retis</strong></span> <span class='ocrx_word' id='word_1_275' title='bbox 425 2092 640 2165; x_wconf 76' lang='lat' dir='ltr'><strong>predicationis</strong></span> <span class='ocrx_word' id='word_1_276' title='bbox 652 2093 687 2149; x_wconf 90' lang='lat' dir='ltr'><strong>ad</strong></span> <span class='ocrx_word' id='word_1_277' title='bbox 699 2093 817 2166; x_wconf 87' lang='lat' dir='ltr'><strong>eapien-</strong></span> <span class='ocrx_word' id='word_1_278' title='bbox 871 2093 1005 2152; x_wconf 88' lang='lat' dir='ltr'><strong>volueres</strong></span> <span class='ocrx_word' id='word_1_279' title='bbox 1021 2096 1152 2169; x_wconf 85' lang='lat' dir='ltr'><strong>superbi,</strong></span> <span class='ocrx_word' id='word_1_280' title='bbox 1168 2097 1267 2152; x_wconf 78' lang='lat' dir='ltr'><strong>bestie</strong></span> <span class='ocrx_word' id='word_1_281' title='bbox 1282 2096 1412 2152; x_wconf 86' lang='lat' dir='ltr'><strong>violenti.</strong></span> <span class='ocrx_word' id='word_1_282' title='bbox 1421 2100 1494 2153; x_wconf 87' lang='lat' dir='ltr'><strong>Cum</strong></span> <span class='ocrx_word' id='word_1_283' title='bbox 1510 2114 1578 2169; x_wconf 81' lang='lat' dir='ltr'><strong>ergo</strong></span> <span class='ocrx_word' id='word_1_284' title='bbox 1594 2098 1698 2169; x_wconf 78' lang='lat' dir='ltr'><strong>pradi-</strong></span> 
     </span>
     <span class='ocr_line' id='line_1_22' title="bbox 69 2182 1698 2260; baseline 0.004 -23"><span class='ocrx_word' id='word_1_285' title='bbox 69 2182 196 2238; x_wconf 79' lang='lat' dir='ltr'><strong>aomines</strong></span> <span class='ocrx_word' id='word_1_286' title='bbox 211 2182 240 2237; x_wconf 90' lang='lat' dir='ltr'><strong>in</strong></span> <span class='ocrx_word' id='word_1_287' title='bbox 257 2183 329 2238; x_wconf 89' lang='lat' dir='ltr'><strong>urbe</strong></span> <span class='ocrx_word' id='word_1_288' title='bbox 344 2182 460 2238; x_wconf 86' lang='lat' dir='ltr'><strong>laxavit.</strong></span> <span class='ocrx_word' id='word_1_289' title='bbox 479 2183 512 2238; x_wconf 86' lang='lat' dir='ltr'><strong>Et</strong></span> <span class='ocrx_word' id='word_1_290' title='bbox 527 2182 647 2254; x_wconf 89' lang='lat' dir='ltr'><strong>quidam</strong></span> <span class='ocrx_word' id='word_1_291' title='bbox 671 2199 728 2239; x_wconf 92' lang='lat' dir='ltr'><strong>non</strong></span> <span class='ocrx_word' id='word_1_292' title='bbox 753 2182 817 2238; x_wconf 90' lang='lat' dir='ltr'><strong>siue</strong></span> <span class='ocrx_word' id='word_1_293' title='bbox 871 2189 952 2241; x_wconf 90' lang='lat' dir='ltr'><strong>catur</strong></span> <span class='ocrx_word' id='word_1_294' title='bbox 966 2201 1131 2241; x_wconf 88' lang='lat' dir='ltr'><strong>sermonem</strong></span> <span class='ocrx_word' id='word_1_295' title='bbox 1154 2186 1261 2241; x_wconf 85' lang='lat' dir='ltr'><strong>termut</strong></span> <span class='ocrx_word' id='word_1_296' title='bbox 1285 2190 1387 2241; x_wconf 89' lang='lat' dir='ltr'><strong>eontra</strong></span> <span class='ocrx_word' id='word_1_297' title='bbox 1411 2184 1567 2253; x_wconf 84' lang='lat' dir='ltr'><strong>luxuriam,</strong></span> <span class='ocrx_word' id='word_1_298' title='bbox 1593 2203 1698 2260; x_wconf 91' lang='lat' dir='ltr'><strong>supcr-</strong></span> 
     </span>
     <span class='ocr_line' id='line_1_23' title="bbox 74 2271 1697 2345; baseline 0.002 -17"><span class='ocrx_word' id='word_1_299' title='bbox 74 2289 91 2328; x_wconf 90' lang='lat' dir='ltr'><strong>a</strong></span> <span class='ocrx_word' id='word_1_300' title='bbox 112 2271 295 2344; x_wconf 85' lang='lat' dir='ltr'><strong>providentis</strong></span> <span class='ocrx_word' id='word_1_301' title='bbox 319 2273 449 2328; x_wconf 87' lang='lat' dir='ltr'><strong>creditur</strong></span> <span class='ocrx_word' id='word_1_302' title='bbox 468 2272 682 2345; x_wconf 90' lang='lat' dir='ltr'><strong>dispensatum,</strong></span> <span class='ocrx_word' id='word_1_303' title='bbox 708 2277 741 2327; x_wconf 92' lang='lat' dir='ltr'><strong>ut</strong></span> <span class='ocrx_word' id='word_1_304' title='bbox 765 2271 815 2328; x_wconf 93' lang='lat' dir='ltr'><strong>ubi</strong></span> <span class='ocrx_word' id='word_1_305' title='bbox 871 2273 950 2330; x_wconf 90' lang='lat' dir='ltr'><strong>bium</strong></span> <span class='ocrx_word' id='word_1_306' title='bbox 966 2277 995 2330; x_wconf 88' lang='lat' dir='ltr'><strong>et</strong></span> <span class='ocrx_word' id='word_1_307' title='bbox 1009 2272 1188 2343; x_wconf 75' lang='lat' dir='ltr'><strong>violentiam,</strong></span> <span class='ocrx_word' id='word_1_308' title='bbox 1201 2274 1344 2330; x_wconf 88' lang='lat' dir='ltr'><strong>inducens</strong></span> <span class='ocrx_word' id='word_1_309' title='bbox 1359 2275 1549 2331; x_wconf 87' lang='lat' dir='ltr'><strong>auctoritates</strong></span> <span class='ocrx_word' id='word_1_310' title='bbox 1564 2279 1593 2330; x_wconf 88' lang='lat' dir='ltr'><strong>et</strong></span> <span class='ocrx_word' id='word_1_311' title='bbox 1608 2277 1697 2332; x_wconf 89' lang='lat' dir='ltr'><strong>ratio·</strong></span> 
     </span>
     <span class='ocr_line' id='line_1_24' title="bbox 70 2361 1697 2434; baseline 0.002 -17"><span class='ocrx_word' id='word_1_312' title='bbox 70 2362 168 2418; x_wconf 74' lang='lat' dir='ltr'><strong>&#39;ratres</strong></span> <span class='ocrx_word' id='word_1_313' title='bbox 181 2363 343 2418; x_wconf 87' lang='lat' dir='ltr'><strong>secuudum</strong></span> <span class='ocrx_word' id='word_1_314' title='bbox 358 2379 486 2432; x_wconf 91' lang='lat' dir='ltr'><strong>caruem,</strong></span> <span class='ocrx_word' id='word_1_315' title='bbox 502 2367 611 2419; x_wconf 90' lang='lat' dir='ltr'><strong>Remus</strong></span> <span class='ocrx_word' id='word_1_316' title='bbox 622 2368 651 2418; x_wconf 91' lang='lat' dir='ltr'><strong>et</strong></span> <span class='ocrx_word' id='word_1_317' title='bbox 662 2361 816 2432; x_wconf 79' lang='lat' dir='ltr'><strong>Romulus,</strong></span> <span class='ocrx_word' id='word_1_318' title='bbox 871 2379 923 2418; x_wconf 89' lang='lat' dir='ltr'><strong>nes</strong></span> <span class='ocrx_word' id='word_1_319' title='bbox 938 2361 1148 2418; x_wconf 87' lang='lat' dir='ltr'><strong>similitudines</strong></span> <span class='ocrx_word' id='word_1_320' title='bbox 1159 2367 1188 2417; x_wconf 90' lang='lat' dir='ltr'><strong>ct</strong></span> <span class='ocrx_word' id='word_1_321' title='bbox 1198 2362 1343 2434; x_wconf 83' lang='lat' dir='ltr'><strong>exempla,</strong></span> <span class='ocrx_word' id='word_1_322' title='bbox 1360 2367 1392 2418; x_wconf 91' lang='lat' dir='ltr'><strong>ut</strong></span> <span class='ocrx_word' id='word_1_323' title='bbox 1403 2368 1515 2419; x_wconf 79' lang='lat' dir='ltr'><strong>revocet</strong></span> <span class='ocrx_word' id='word_1_324' title='bbox 1530 2362 1697 2421; x_wconf 83' lang='lat' dir='ltr'><strong>luxuriosos</strong></span> 
     </span>
     <span class='ocr_line' id='line_1_25' title="bbox 70 2450 1696 2525; baseline 0.001 -18"><span class='ocrx_word' id='word_1_325' title='bbox 70 2452 168 2510; x_wconf 90' lang='lat' dir='ltr'><strong>urbem</strong></span> <span class='ocrx_word' id='word_1_326' title='bbox 183 2451 272 2509; x_wconf 87' lang='lat' dir='ltr'><strong>istam</strong></span> <span class='ocrx_word' id='word_1_327' title='bbox 288 2452 479 2525; x_wconf 84' lang='lat' dir='ltr'><strong>corporaliter</strong></span> <span class='ocrx_word' id='word_1_328' title='bbox 492 2452 698 2520; x_wconf 89' lang='lat' dir='ltr'><strong>condiderunt,</strong></span> <span class='ocrx_word' id='word_1_329' title='bbox 723 2450 816 2508; x_wconf 91' lang='lat' dir='ltr'><strong>hono·</strong></span> <span class='ocrx_word' id='word_1_330' title='bbox 871 2452 907 2506; x_wconf 88' lang='lat' dir='ltr'><strong>ad</strong></span> <span class='ocrx_word' id='word_1_331' title='bbox 922 2450 1145 2519; x_wconf 85' lang='lat' dir='ltr'><strong>continentiam,</strong></span> <span class='ocrx_word' id='word_1_332' title='bbox 1158 2453 1301 2523; x_wconf 89' lang='lat' dir='ltr'><strong>superbos</strong></span> <span class='ocrx_word' id='word_1_333' title='bbox 1316 2451 1351 2508; x_wconf 90' lang='lat' dir='ltr'><strong>ad</strong></span> <span class='ocrx_word' id='word_1_334' title='bbox 1368 2451 1696 2519; x_wconf 73' lang='lat' dir='ltr'><strong>humilitatemvioleu-</strong></span> 
     </span>
     <span class='ocr_line' id='line_1_26' title="bbox 70 2538 1696 2616; baseline -0.001 -20"><span class='ocrx_word' id='word_1_335' title='bbox 70 2541 134 2597; x_wconf 88' lang='lat' dir='ltr'><strong>ibus</strong></span> <span class='ocrx_word' id='word_1_336' title='bbox 147 2543 247 2613; x_wconf 77' lang='lat' dir='ltr'><strong>Jacent</strong></span> <span class='ocrx_word' id='word_1_337' title='bbox 261 2541 401 2599; x_wconf 90' lang='lat' dir='ltr'><strong>tumulati</strong></span> <span class='ocrx_word' id='word_1_338' title='bbox 417 2541 621 2616; x_wconf 88' lang='lat' dir='ltr'><strong>sepulcris,ibi</strong></span> <span class='ocrx_word' id='word_1_339' title='bbox 636 2542 694 2597; x_wconf 91' lang='lat' dir='ltr'><strong>duo</strong></span> <span class='ocrx_word' id='word_1_340' title='bbox 710 2542 816 2597; x_wconf 85' lang='lat' dir='ltr'><strong>iratres</strong></span> <span class='ocrx_word' id='word_1_341' title='bbox 870 2543 916 2594; x_wconf 91' lang='lat' dir='ltr'><strong>tos</strong></span> <span class='ocrx_word' id='word_1_342' title='bbox 926 2539 962 2593; x_wconf 90' lang='lat' dir='ltr'><strong>ad</strong></span> <span class='ocrx_word' id='word_1_343' title='bbox 975 2539 1231 2594; x_wconf 88' lang='lat' dir='ltr'><strong>mansuetudinem</strong></span> <span class='ocrx_word' id='word_1_344' title='bbox 1245 2556 1251 2594; x_wconf 93' lang='lat'><strong>:</strong></span> <span class='ocrx_word' id='word_1_345' title='bbox 1263 2542 1326 2593; x_wconf 92' lang='lat' dir='ltr'><strong>tum</strong></span> <span class='ocrx_word' id='word_1_346' title='bbox 1337 2538 1439 2609; x_wconf 88' lang='lat' dir='ltr'><strong>utique</strong></span> <span class='ocrx_word' id='word_1_347' title='bbox 1451 2538 1529 2595; x_wconf 86' lang='lat' dir='ltr'><strong>laxat</strong></span> <span class='ocrx_word' id='word_1_348' title='bbox 1539 2539 1612 2595; x_wconf 88' lang='lat' dir='ltr'><strong>retia</strong></span> <span class='ocrx_word' id='word_1_349' title='bbox 1626 2557 1696 2612; x_wconf 79' lang='lat' dir='ltr'><strong>pre·</strong></span> 
     </span>
     <span class='ocr_line' id='line_1_27' title="bbox 70 2626 1696 2701; baseline -0.001 -13"><span class='ocrx_word' id='word_1_350' title='bbox 70 2631 157 2688; x_wconf 88' lang='lat' dir='ltr'><strong>udum</strong></span> <span class='ocrx_word' id='word_1_351' title='bbox 188 2631 286 2700; x_wconf 81' lang='lat' dir='ltr'><strong>fidem,</strong></span> <span class='ocrx_word' id='word_1_352' title='bbox 313 2631 417 2688; x_wconf 89' lang='lat' dir='ltr'><strong>Petrus</strong></span> <span class='ocrx_word' id='word_1_353' title='bbox 439 2636 467 2686; x_wconf 90' lang='lat' dir='ltr'><strong>et</strong></span> <span class='ocrx_word' id='word_1_354' title='bbox 493 2628 610 2697; x_wconf 88' lang='lat' dir='ltr'><strong>Paulus,</strong></span> <span class='ocrx_word' id='word_1_355' title='bbox 637 2629 688 2701; x_wconf 89' lang='lat' dir='ltr'><strong>qui</strong></span> <span class='ocrx_word' id='word_1_356' title='bbox 712 2629 815 2686; x_wconf 88' lang='lat' dir='ltr'><strong>urbem</strong></span> <span class='ocrx_word' id='word_1_357' title='bbox 870 2626 1038 2697; x_wconf 86' lang='lat' dir='ltr'><strong>dicationis,</strong></span> <span class='ocrx_word' id='word_1_358' title='bbox 1055 2635 1085 2682; x_wconf 95' lang='lat' dir='ltr'><strong>ut</strong></span> <span class='ocrx_word' id='word_1_359' title='bbox 1101 2627 1198 2700; x_wconf 88' lang='lat' dir='ltr'><strong>capiat</strong></span> <span class='ocrx_word' id='word_1_360' title='bbox 1219 2627 1315 2699; x_wconf 88' lang='lat' dir='ltr'><strong>pisces</strong></span> <span class='ocrx_word' id='word_1_361' title='bbox 1340 2626 1370 2682; x_wconf 93' lang='lat' dir='ltr'><strong>in</strong></span> <span class='ocrx_word' id='word_1_362' title='bbox 1395 2643 1483 2699; x_wconf 87' lang='lat' dir='ltr'><strong>aqua,</strong></span> <span class='ocrx_word' id='word_1_363' title='bbox 1508 2627 1640 2686; x_wconf 83' lang='lat' dir='ltr'><strong>volucres</strong></span> <span class='ocrx_word' id='word_1_364' title='bbox 1665 2628 1696 2686; x_wconf 91' lang='lat' dir='ltr'><strong>iu</strong></span> 
     </span>
     <span class='ocr_line' id='line_1_28' title="bbox 70 2716 1695 2792; baseline 0 -16"><span class='ocrx_word' id='word_1_365' title='bbox 70 2737 80 2776; x_wconf 81' lang='lat' dir='ltr'><strong>i</strong></span> <span class='ocrx_word' id='word_1_366' title='bbox 95 2719 290 2792; x_wconf 87' lang='lat' dir='ltr'><strong>spiritualiter</strong></span> <span class='ocrx_word' id='word_1_367' title='bbox 304 2721 511 2788; x_wconf 81' lang='lat' dir='ltr'><strong>fundaverunt,</strong></span> <span class='ocrx_word' id='word_1_368' title='bbox 538 2719 674 2792; x_wconf 81' lang='lat' dir='ltr'><strong>gloriosis</strong></span> <span class='ocrx_word' id='word_1_369' title='bbox 698 2719 815 2791; x_wconf 85' lang='lat' dir='ltr'><strong>requie·</strong></span> <span class='ocrx_word' id='word_1_370' title='bbox 871 2733 946 2783; x_wconf 88' lang='lat' dir='ltr'><strong>sere,</strong></span> <span class='ocrx_word' id='word_1_371' title='bbox 957 2716 1067 2774; x_wconf 90' lang='lat' dir='ltr'><strong>bestias</strong></span> <span class='ocrx_word' id='word_1_372' title='bbox 1083 2717 1112 2772; x_wconf 93' lang='lat' dir='ltr'><strong>in</strong></span> <span class='ocrx_word' id='word_1_373' title='bbox 1128 2720 1215 2773; x_wconf 90' lang='lat' dir='ltr'><strong>terra.</strong></span> <span class='ocrx_word' id='word_1_374' title='bbox 1226 2718 1260 2772; x_wconf 81' lang='lat' dir='ltr'><strong>st</strong></span> <span class='ocrx_word' id='word_1_375' title='bbox 1275 2720 1377 2789; x_wconf 90' lang='lat' dir='ltr'><strong>captos</strong></span> <span class='ocrx_word' id='word_1_376' title='bbox 1391 2733 1448 2773; x_wconf 91' lang='lat' dir='ltr'><strong>non</strong></span> <span class='ocrx_word' id='word_1_377' title='bbox 1464 2717 1695 2790; x_wconf 62' lang='lat' dir='ltr'><strong>mortificatsed</strong></span> 
     </span>
    </p>
   </div>
   <div class='ocr_carea' id='block_1_3' title="bbox 70 2805 1809 2881">
    <p class='ocr_par' dir='ltr' id='par_1_3' title="bbox 70 2805 1809 2881">
     <span class='ocr_line' id='line_1_29' title="bbox 70 2805 1809 2881; baseline -0.002 -16"><span class='ocrx_word' id='word_1_378' title='bbox 70 2808 220 2865; x_wconf 86' lang='lat' dir='ltr'><strong>tbasilicis</strong></span> <span class='ocrx_word' id='word_1_379' title='bbox 236 2809 375 2866; x_wconf 87' lang='lat' dir='ltr'><strong>tumulati</strong></span> <span class='ocrx_word' id='word_1_380' title='bbox 391 2827 398 2866; x_wconf 78' lang='lat' dir='ltr'>z</span> <span class='ocrx_word' id='word_1_381' title='bbox 417 2810 520 2865; x_wconf 85' lang='lat' dir='ltr'><strong>Petrus</strong></span> <span class='ocrx_word' id='word_1_382' title='bbox 545 2810 580 2865; x_wconf 90' lang='lat' dir='ltr'><strong>ab</strong></span> <span class='ocrx_word' id='word_1_383' title='bbox 604 2825 639 2864; x_wconf 90' lang='lat' dir='ltr'><strong>ea</strong></span> <span class='ocrx_word' id='word_1_384' title='bbox 663 2817 743 2881; x_wconf 89' lang='lat' dir='ltr'><strong>parte</strong></span> <span class='ocrx_word' id='word_1_385' title='bbox 765 2809 814 2864; x_wconf 92' lang='lat' dir='ltr'><strong>ubi</strong></span> <span class='ocrx_word' id='word_1_386' title='bbox 869 2806 1014 2876; x_wconf 74' lang='lat' dir='ltr'><strong>viviticat,</strong></span> <span class='ocrx_word' id='word_1_387' title='bbox 1031 2824 1088 2863; x_wconf 92' lang='lat' dir='ltr'><strong>nou</strong></span> <span class='ocrx_word' id='word_1_388' title='bbox 1105 2805 1221 2877; x_wconf 89' lang='lat' dir='ltr'><strong>occidit,</strong></span> <span class='ocrx_word' id='word_1_389' title='bbox 1244 2806 1294 2862; x_wconf 89' lang='lat' dir='ltr'><strong>sed</strong></span> <span class='ocrx_word' id='word_1_390' title='bbox 1321 2805 1390 2873; x_wconf 90' lang='lat' dir='ltr'><strong>alit;</strong></span> <span class='ocrx_word' id='word_1_391' title='bbox 1417 2822 1474 2861; x_wconf 93' lang='lat' dir='ltr'><strong>nou</strong></span> <span class='ocrx_word' id='word_1_392' title='bbox 1499 2806 1618 2874; x_wconf 88' lang='lat' dir='ltr'><strong>deserit,</strong></span> <span class='ocrx_word' id='word_1_393' title='bbox 1643 2807 1694 2863; x_wconf 90' lang='lat' dir='ltr'><strong>sed</strong></span> <span class='ocrx_word' id='word_1_394' title='bbox 1806 2828 1809 2833; x_wconf 95' lang='lat'>·</span> 
     </span>
    </p>
   </div>
   <div class='ocr_carea' id='block_1_4' title="bbox 70 2894 1701 4041">
    <p class='ocr_par' dir='ltr' id='par_1_4' title="bbox 70 2894 1701 3952">
     <span class='ocr_line' id='line_1_30' title="bbox 70 2894 1694 2969; baseline -0.001 -15"><span class='ocrx_word' id='word_1_395' title='bbox 70 2898 127 2956; x_wconf 89' lang='lat' dir='ltr'><strong>itus</strong></span> <span class='ocrx_word' id='word_1_396' title='bbox 138 2904 182 2956; x_wconf 90' lang='lat' dir='ltr'><strong>est</strong></span> <span class='ocrx_word' id='word_1_397' title='bbox 193 2898 382 2969; x_wconf 82' lang='lat' dir='ltr'><strong>Romulus,et</strong></span> <span class='ocrx_word' id='word_1_398' title='bbox 395 2898 502 2955; x_wconf 86' lang='lat' dir='ltr'><strong>Paulus</strong></span> <span class='ocrx_word' id='word_1_399' title='bbox 517 2900 552 2953; x_wconf 84' lang='lat' dir='ltr'><strong>ab</strong></span> <span class='ocrx_word' id='word_1_400' title='bbox 567 2898 625 2954; x_wconf 89' lang='lat' dir='ltr'><strong>alia</strong></span> <span class='ocrx_word' id='word_1_401' title='bbox 641 2898 690 2952; x_wconf 91' lang='lat' dir='ltr'><strong>ubi</strong></span> <span class='ocrx_word' id='word_1_402' title='bbox 707 2899 815 2954; x_wconf 82' lang='lat' dir='ltr'><strong>tiernus</strong></span> <span class='ocrx_word' id='word_1_403' title='bbox 870 2896 1078 2952; x_wconf 78' lang='lat' dir='ltr'><strong>custoditllaec</strong></span> <span class='ocrx_word' id='word_1_404' title='bbox 1094 2912 1162 2967; x_wconf 82' lang='lat' dir='ltr'><strong>ergo</strong></span> <span class='ocrx_word' id='word_1_405' title='bbox 1179 2895 1252 2951; x_wconf 89' lang='lat' dir='ltr'><strong>retia</strong></span> <span class='ocrx_word' id='word_1_406' title='bbox 1268 2894 1431 2950; x_wconf 86' lang='lat' dir='ltr'><strong>beatissimi</strong></span> <span class='ocrx_word' id='word_1_407' title='bbox 1447 2896 1549 2951; x_wconf 89' lang='lat' dir='ltr'><strong>Petrus</strong></span> <span class='ocrx_word' id='word_1_408' title='bbox 1564 2900 1596 2952; x_wconf 90' lang='lat' dir='ltr'><strong>et</strong></span> <span class='ocrx_word' id='word_1_409' title='bbox 1619 2897 1694 2952; x_wconf 86' lang='lat' dir='ltr'><strong>Pnu-</strong></span> 
     </span>
     <span class='ocr_line' id='line_1_31' title="bbox 70 2983 1695 3058; baseline -0.003 -12"><span class='ocrx_word' id='word_1_410' title='bbox 70 2990 228 3058; x_wconf 69' lang='lat' dir='ltr'><strong>emutatus</strong></span> <span class='ocrx_word' id='word_1_411' title='bbox 243 2994 275 3045; x_wconf 91' lang='lat' dir='ltr'><strong>ut</strong></span> <span class='ocrx_word' id='word_1_412' title='bbox 287 2988 354 3044; x_wconf 91' lang='lat' dir='ltr'><strong>hinc</strong></span> <span class='ocrx_word' id='word_1_413' title='bbox 370 2989 438 3044; x_wconf 87' lang='lat' dir='ltr'><strong>indo</strong></span> <span class='ocrx_word' id='word_1_414' title='bbox 450 2987 547 3056; x_wconf 83' lang='lat' dir='ltr'><strong>locati,</strong></span> <span class='ocrx_word' id='word_1_415' title='bbox 564 2988 710 3044; x_wconf 83' lang='lat' dir='ltr'><strong>civitatem</strong></span> <span class='ocrx_word' id='word_1_416' title='bbox 726 2989 814 3044; x_wconf 89' lang='lat' dir='ltr'><strong>istam</strong></span> <span class='ocrx_word' id='word_1_417' title='bbox 870 2984 916 3039; x_wconf 88' lang='lat' dir='ltr'><strong>lus</strong></span> <span class='ocrx_word' id='word_1_418' title='bbox 931 2984 1101 3041; x_wconf 83' lang='lat' dir='ltr'><strong>laxaverunt</strong></span> <span class='ocrx_word' id='word_1_419' title='bbox 1116 2983 1224 3056; x_wconf 88' lang='lat' dir='ltr'><strong>pariter</strong></span> <span class='ocrx_word' id='word_1_420' title='bbox 1241 2985 1269 3040; x_wconf 93' lang='lat' dir='ltr'><strong>in</strong></span> <span class='ocrx_word' id='word_1_421' title='bbox 1293 2989 1466 3057; x_wconf 88' lang='lat' dir='ltr'><strong>capturam;</strong></span> <span class='ocrx_word' id='word_1_422' title='bbox 1494 3002 1546 3057; x_wconf 89' lang='lat' dir='ltr'><strong>por</strong></span> <span class='ocrx_word' id='word_1_423' title='bbox 1569 3002 1695 3058; x_wconf 89' lang='lat' dir='ltr'><strong>quornm</strong></span> 
     </span>
     <span class='ocr_line' id='line_1_32' title="bbox 71 3074 1696 3151; baseline -0.004 -15"><span class='ocrx_word' id='word_1_424' title='bbox 71 3079 243 3151; x_wconf 85' lang='lat' dir='ltr'><strong>patrociniis</strong></span> <span class='ocrx_word' id='word_1_425' title='bbox 260 3077 493 3134; x_wconf 89' lang='lat' dir='ltr'><strong>tueantur.Uuus</strong></span> <span class='ocrx_word' id='word_1_426' title='bbox 508 3093 576 3150; x_wconf 85' lang='lat' dir='ltr'><strong>ergo</strong></span> <span class='ocrx_word' id='word_1_427' title='bbox 592 3078 621 3133; x_wconf 92' lang='lat' dir='ltr'><strong>in</strong></span> <span class='ocrx_word' id='word_1_428' title='bbox 637 3077 742 3146; x_wconf 84' lang='lat' dir='ltr'><strong>aliurn,</strong></span> <span class='ocrx_word' id='word_1_429' title='bbox 762 3079 814 3134; x_wconf 91' lang='lat' dir='ltr'><strong>sed</strong></span> <span class='ocrx_word' id='word_1_430' title='bbox 872 3074 1109 3146; x_wconf 78' lang='lat' dir='ltr'><strong>praedicationem</strong></span> <span class='ocrx_word' id='word_1_431' title='bbox 1122 3074 1212 3130; x_wconf 81' lang='lat' dir='ltr'><strong>ltoiira</strong></span> <span class='ocrx_word' id='word_1_432' title='bbox 1224 3079 1420 3129; x_wconf 88' lang='lat' dir='ltr'><strong>eonversacst</strong></span> <span class='ocrx_word' id='word_1_433' title='bbox 1432 3074 1467 3129; x_wconf 86' lang='lat' dir='ltr'><strong>ab</strong></span> <span class='ocrx_word' id='word_1_434' title='bbox 1481 3091 1579 3131; x_wconf 87' lang='lat' dir='ltr'><strong>errore</strong></span> <span class='ocrx_word' id='word_1_435' title='bbox 1594 3075 1630 3130; x_wconf 88' lang='lat' dir='ltr'><strong>ad</strong></span> <span class='ocrx_word' id='word_1_436' title='bbox 1646 3090 1696 3129; x_wconf 89' lang='lat' dir='ltr'><strong>ve·</strong></span> 
     </span>
     <span class='ocr_line' id='line_1_33' title="bbox 70 3146 1698 3239; baseline -0.004 -14"><span class='ocrx_word' id='word_1_437' title='bbox 70 3186 80 3225; x_wconf 79' lang='lat' dir='ltr'><strong>i</strong></span> <span class='ocrx_word' id='word_1_438' title='bbox 95 3169 167 3224; x_wconf 88' lang='lat' dir='ltr'><strong>retia</strong></span> <span class='ocrx_word' id='word_1_439' title='bbox 182 3170 354 3224; x_wconf 83' lang='lat' dir='ltr'><strong>laxaverunt</strong></span> <span class='ocrx_word' id='word_1_440' title='bbox 369 3167 399 3222; x_wconf 89' lang='lat' dir='ltr'><strong>in</strong></span> <span class='ocrx_word' id='word_1_441' title='bbox 416 3172 579 3239; x_wconf 89' lang='lat' dir='ltr'><strong>capturam.</strong></span> <span class='ocrx_word' id='word_1_442' title='bbox 831 3146 853 3214; x_wconf 82' lang='lat' dir='ltr'>C</span> <span class='ocrx_word' id='word_1_443' title='bbox 872 3163 1001 3229; x_wconf 88' lang='lat' dir='ltr'><strong>ritatem,</strong></span> <span class='ocrx_word' id='word_1_444' title='bbox 1011 3181 1027 3219; x_wconf 91' lang='lat' dir='ltr'><strong>a</strong></span> <span class='ocrx_word' id='word_1_445' title='bbox 1037 3163 1117 3219; x_wconf 85' lang='lat' dir='ltr'><strong>vitiis</strong></span> <span class='ocrx_word' id='word_1_446' title='bbox 1129 3163 1163 3219; x_wconf 89' lang='lat' dir='ltr'><strong>ad</strong></span> <span class='ocrx_word' id='word_1_447' title='bbox 1175 3162 1308 3219; x_wconf 88' lang='lat' dir='ltr'><strong>virtutes.</strong></span> <span class='ocrx_word' id='word_1_448' title='bbox 1319 3161 1428 3219; x_wconf 86' lang='lat' dir='ltr'><strong>Omnes</strong></span> <span class='ocrx_word' id='word_1_449' title='bbox 1439 3179 1507 3235; x_wconf 84' lang='lat' dir='ltr'><strong>ergo</strong></span> <span class='ocrx_word' id='word_1_450' title='bbox 1519 3163 1619 3219; x_wconf 89' lang='lat' dir='ltr'><strong>beatos</strong></span> <span class='ocrx_word' id='word_1_451' title='bbox 1631 3180 1698 3237; x_wconf 88' lang='lat' dir='ltr'><strong>apo·</strong></span> 
     </span>
     <span class='ocr_line' id='line_1_34' title="bbox 70 3252 1699 3328; baseline -0.004 -14"><span class='ocrx_word' id='word_1_452' title='bbox 70 3275 128 3328; x_wconf 91' lang='lat' dir='ltr'><strong>rro,</strong></span> <span class='ocrx_word' id='word_1_453' title='bbox 141 3259 218 3314; x_wconf 75' lang='lat' dir='ltr'><strong>sieut</strong></span> <span class='ocrx_word' id='word_1_454' title='bbox 234 3256 316 3313; x_wconf 87' lang='lat' dir='ltr'><strong>navis</strong></span> <span class='ocrx_word' id='word_1_455' title='bbox 332 3255 472 3323; x_wconf 83' lang='lat' dir='ltr'><strong>Ecclesia,</strong></span> <span class='ocrx_word' id='word_1_456' title='bbox 488 3273 567 3312; x_wconf 89' lang='lat' dir='ltr'><strong>mare</strong></span> <span class='ocrx_word' id='word_1_457' title='bbox 581 3255 732 3323; x_wconf 79' lang='lat' dir='ltr'><strong>asculum,</strong></span> <span class='ocrx_word' id='word_1_458' title='bbox 749 3255 817 3311; x_wconf 88' lang='lat' dir='ltr'><strong>alti·</strong></span> <span class='ocrx_word' id='word_1_459' title='bbox 873 3252 965 3310; x_wconf 89' lang='lat' dir='ltr'><strong>stolas</strong></span> <span class='ocrx_word' id='word_1_460' title='bbox 979 3253 1072 3309; x_wconf 81' lang='lat' dir='ltr'><strong>ltoma</strong></span> <span class='ocrx_word' id='word_1_461' title='bbox 1087 3253 1172 3309; x_wconf 90' lang='lat' dir='ltr'><strong>debet</strong></span> <span class='ocrx_word' id='word_1_462' title='bbox 1187 3253 1386 3308; x_wconf 89' lang='lat' dir='ltr'><strong>communiter</strong></span> <span class='ocrx_word' id='word_1_463' title='bbox 1400 3252 1543 3319; x_wconf 88' lang='lat' dir='ltr'><strong>venerari,</strong></span> <span class='ocrx_word' id='word_1_464' title='bbox 1568 3252 1618 3309; x_wconf 90' lang='lat' dir='ltr'><strong>sed</strong></span> <span class='ocrx_word' id='word_1_465' title='bbox 1645 3252 1699 3308; x_wconf 88' lang='lat' dir='ltr'><strong>hos</strong></span> 
     </span>
     <span class='ocr_line' id='line_1_35' title="bbox 81 3341 1698 3419; baseline -0.005 -14"><span class='ocrx_word' id='word_1_466' title='bbox 81 3352 184 3417; x_wconf 83' lang='lat' dir='ltr'><strong>Roma,</strong></span> <span class='ocrx_word' id='word_1_467' title='bbox 201 3348 244 3404; x_wconf 91' lang='lat' dir='ltr'><strong>sic</strong></span> <span class='ocrx_word' id='word_1_468' title='bbox 260 3352 321 3403; x_wconf 90' lang='lat' dir='ltr'><strong>rete</strong></span> <span class='ocrx_word' id='word_1_469' title='bbox 346 3346 522 3419; x_wconf 82' lang='lat' dir='ltr'><strong>intelligitur</strong></span> <span class='ocrx_word' id='word_1_470' title='bbox 546 3345 722 3417; x_wconf 81' lang='lat' dir='ltr'><strong>praedicatio.</strong></span> <span class='ocrx_word' id='word_1_471' title='bbox 749 3346 818 3401; x_wconf 85' lang='lat' dir='ltr'><strong>ltete</strong></span> <span class='ocrx_word' id='word_1_472' title='bbox 871 3343 946 3398; x_wconf 91' lang='lat' dir='ltr'><strong>duos</strong></span> <span class='ocrx_word' id='word_1_473' title='bbox 962 3343 1045 3415; x_wconf 89' lang='lat' dir='ltr'><strong>quasi</strong></span> <span class='ocrx_word' id='word_1_474' title='bbox 1062 3342 1173 3415; x_wconf 89' lang='lat' dir='ltr'><strong>primos</strong></span> <span class='ocrx_word' id='word_1_475' title='bbox 1188 3347 1217 3397; x_wconf 91' lang='lat' dir='ltr'><strong>et</strong></span> <span class='ocrx_word' id='word_1_476' title='bbox 1232 3342 1407 3414; x_wconf 76' lang='lat' dir='ltr'><strong>precipuos,</strong></span> <span class='ocrx_word' id='word_1_477' title='bbox 1433 3341 1518 3413; x_wconf 90' lang='lat' dir='ltr'><strong>quasi</strong></span> <span class='ocrx_word' id='word_1_478' title='bbox 1544 3345 1643 3412; x_wconf 88' lang='lat' dir='ltr'><strong>putres</strong></span> <span class='ocrx_word' id='word_1_479' title='bbox 1668 3344 1698 3397; x_wconf 91' lang='lat' dir='ltr'><strong>et</strong></span> 
     </span>
     <span class='ocr_line' id='line_1_36' title="bbox 70 3428 1700 3509; baseline -0.004 -17"><span class='ocrx_word' id='word_1_480' title='bbox 70 3452 118 3509; x_wconf 90' lang='lat' dir='ltr'><strong>1ue</strong></span> <span class='ocrx_word' id='word_1_481' title='bbox 131 3436 166 3491; x_wconf 94' lang='lat' dir='ltr'><strong>de</strong></span> <span class='ocrx_word' id='word_1_482' title='bbox 193 3435 317 3490; x_wconf 88' lang='lat' dir='ltr'><strong>diversis</strong></span> <span class='ocrx_word' id='word_1_483' title='bbox 333 3435 391 3489; x_wconf 81' lang='lat' dir='ltr'><strong>litis</strong></span> <span class='ocrx_word' id='word_1_484' title='bbox 407 3433 565 3489; x_wconf 87' lang='lat' dir='ltr'><strong>etchordis</strong></span> <span class='ocrx_word' id='word_1_485' title='bbox 580 3431 774 3501; x_wconf 89' lang='lat' dir='ltr'><strong>connectitur,</strong></span> <span class='ocrx_word' id='word_1_486' title='bbox 790 3439 818 3487; x_wconf 89' lang='lat' dir='ltr'><strong>et</strong></span> <span class='ocrx_word' id='word_1_487' title='bbox 873 3437 1013 3506; x_wconf 88' lang='lat' dir='ltr'><strong>patronos</strong></span> <span class='ocrx_word' id='word_1_488' title='bbox 1028 3432 1121 3502; x_wconf 88' lang='lat' dir='ltr'><strong>ipsius</strong></span> <span class='ocrx_word' id='word_1_489' title='bbox 1146 3431 1230 3486; x_wconf 91' lang='lat' dir='ltr'><strong>debet</strong></span> <span class='ocrx_word' id='word_1_490' title='bbox 1255 3429 1422 3501; x_wconf 88' lang='lat' dir='ltr'><strong>specialiter</strong></span> <span class='ocrx_word' id='word_1_491' title='bbox 1447 3434 1475 3485; x_wconf 88' lang='lat' dir='ltr'><strong>et</strong></span> <span class='ocrx_word' id='word_1_492' title='bbox 1496 3428 1700 3501; x_wconf 87' lang='lat' dir='ltr'><strong>principaliter</strong></span> 
     </span>
     <span class='ocr_line' id='line_1_37' title="bbox 70 3517 1696 3591; baseline -0.004 -12"><span class='ocrx_word' id='word_1_493' title='bbox 70 3524 163 3581; x_wconf 84' lang='lat' dir='ltr'><strong>icatio</strong></span> <span class='ocrx_word' id='word_1_494' title='bbox 179 3524 214 3580; x_wconf 88' lang='lat' dir='ltr'><strong>de</strong></span> <span class='ocrx_word' id='word_1_495' title='bbox 229 3523 353 3580; x_wconf 87' lang='lat' dir='ltr'><strong>diversis</strong></span> <span class='ocrx_word' id='word_1_496' title='bbox 369 3523 593 3579; x_wconf 89' lang='lat' dir='ltr'><strong>auctoritatibus</strong></span> <span class='ocrx_word' id='word_1_497' title='bbox 608 3529 636 3578; x_wconf 90' lang='lat' dir='ltr'><strong>et</strong></span> <span class='ocrx_word' id='word_1_498' title='bbox 655 3522 818 3579; x_wconf 91' lang='lat' dir='ltr'><strong>rationibus</strong></span> <span class='ocrx_word' id='word_1_499' title='bbox 875 3527 1034 3585; x_wconf 83' lang='lat' dir='ltr'><strong>honorarc;</strong></span> <span class='ocrx_word' id='word_1_500' title='bbox 1050 3526 1195 3591; x_wconf 89' lang='lat' dir='ltr'><strong>quatenus</strong></span> <span class='ocrx_word' id='word_1_501' title='bbox 1210 3518 1361 3573; x_wconf 85' lang='lat' dir='ltr'><strong>meritisct</strong></span> <span class='ocrx_word' id='word_1_502' title='bbox 1375 3517 1513 3590; x_wconf 86' lang='lat' dir='ltr'><strong>precibus</strong></span> <span class='ocrx_word' id='word_1_503' title='bbox 1528 3533 1629 3575; x_wconf 90' lang='lat' dir='ltr'><strong>eorum</strong></span> <span class='ocrx_word' id='word_1_504' title='bbox 1646 3520 1696 3574; x_wconf 86' lang='lat' dir='ltr'><strong>ad-</strong></span> 
     </span>
     <span class='ocr_line' id='line_1_38' title="bbox 73 3604 1699 3684; baseline -0.001 -18"><span class='ocrx_word' id='word_1_505' title='bbox 73 3617 197 3668; x_wconf 88' lang='lat' dir='ltr'><strong>rmstur.</strong></span> <span class='ocrx_word' id='word_1_506' title='bbox 212 3614 304 3668; x_wconf 89' lang='lat' dir='ltr'><strong>Debet</strong></span> <span class='ocrx_word' id='word_1_507' title='bbox 321 3612 398 3667; x_wconf 89' lang='lat' dir='ltr'><strong>anim</strong></span> <span class='ocrx_word' id='word_1_508' title='bbox 416 3611 554 3684; x_wconf 78' lang='lat' dir='ltr'><strong>providus</strong></span> <span class='ocrx_word' id='word_1_509' title='bbox 578 3612 750 3683; x_wconf 79' lang='lat' dir='ltr'><strong>praedicator</strong></span> <span class='ocrx_word' id='word_1_510' title='bbox 772 3626 818 3666; x_wconf 91' lang='lat' dir='ltr'><strong>sa·</strong></span> <span class='ocrx_word' id='word_1_511' title='bbox 869 3612 946 3682; x_wconf 88' lang='lat' dir='ltr'><strong>juta,</strong></span> <span class='ocrx_word' id='word_1_512' title='bbox 963 3609 1005 3664; x_wconf 87' lang='lat' dir='ltr'><strong>its</strong></span> <span class='ocrx_word' id='word_1_513' title='bbox 1021 3624 1099 3663; x_wconf 90' lang='lat' dir='ltr'><strong>nunc</strong></span> <span class='ocrx_word' id='word_1_514' title='bbox 1114 3604 1274 3662; x_wconf 88' lang='lat' dir='ltr'><strong>salubriter</strong></span> <span class='ocrx_word' id='word_1_515' title='bbox 1288 3612 1476 3662; x_wconf 88' lang='lat' dir='ltr'><strong>conservetur</strong></span> <span class='ocrx_word' id='word_1_516' title='bbox 1490 3606 1520 3662; x_wconf 94' lang='lat' dir='ltr'><strong>in</strong></span> <span class='ocrx_word' id='word_1_517' title='bbox 1541 3606 1639 3674; x_wconf 84' lang='lat' dir='ltr'><strong>terris,</strong></span> <span class='ocrx_word' id='word_1_518' title='bbox 1664 3611 1699 3664; x_wconf 87' lang='lat' dir='ltr'><strong>ut</strong></span> 
     </span>
     <span class='ocr_line' id='line_1_39' title="bbox 74 3695 1696 3773; baseline -0.003 -16"><span class='ocrx_word' id='word_1_519' title='bbox 74 3717 124 3757; x_wconf 91' lang='lat' dir='ltr'><strong>um</strong></span> <span class='ocrx_word' id='word_1_520' title='bbox 136 3702 333 3757; x_wconf 83' lang='lat' dir='ltr'><strong>diversitatem</strong></span> <span class='ocrx_word' id='word_1_521' title='bbox 342 3718 439 3757; x_wconf 90' lang='lat' dir='ltr'><strong>rerum</strong></span> <span class='ocrx_word' id='word_1_522' title='bbox 451 3704 480 3757; x_wconf 87' lang='lat' dir='ltr'><strong>ot</strong></span> <span class='ocrx_word' id='word_1_523' title='bbox 490 3716 681 3773; x_wconf 88' lang='lat' dir='ltr'><strong>personarum</strong></span> <span class='ocrx_word' id='word_1_524' title='bbox 694 3700 820 3756; x_wconf 86' lang='lat' dir='ltr'><strong>tormare</strong></span> <span class='ocrx_word' id='word_1_525' title='bbox 873 3699 993 3756; x_wconf 88' lang='lat' dir='ltr'><strong>tandem</strong></span> <span class='ocrx_word' id='word_1_526' title='bbox 1007 3696 1129 3753; x_wconf 80' lang='lat' dir='ltr'><strong>feliciter</strong></span> <span class='ocrx_word' id='word_1_527' title='bbox 1141 3700 1296 3752; x_wconf 87' lang='lat' dir='ltr'><strong>coronetur</strong></span> <span class='ocrx_word' id='word_1_528' title='bbox 1309 3696 1339 3751; x_wconf 93' lang='lat' dir='ltr'><strong>in</strong></span> <span class='ocrx_word' id='word_1_529' title='bbox 1355 3695 1446 3753; x_wconf 80' lang='lat' dir='ltr'><strong>colis.</strong></span> <span class='ocrx_word' id='word_1_530' title='bbox 1463 3696 1621 3754; x_wconf 78' lang='lat' dir='ltr'><strong>l‘rastaute</strong></span> <span class='ocrx_word' id='word_1_531' title='bbox 1640 3695 1696 3753; x_wconf 88' lang='lat' dir='ltr'><strong>Do·</strong></span> 
     </span>
     <span class='ocr_line' id='line_1_40' title="bbox 70 3783 1701 3863; baseline -0.004 -16"><span class='ocrx_word' id='word_1_532' title='bbox 70 3806 175 3859; x_wconf 85' lang='lat' dir='ltr'><strong>ionem,</strong></span> <span class='ocrx_word' id='word_1_533' title='bbox 192 3796 226 3846; x_wconf 91' lang='lat' dir='ltr'><strong>ut</strong></span> <span class='ocrx_word' id='word_1_534' title='bbox 241 3791 327 3846; x_wconf 92' lang='lat' dir='ltr'><strong>modo</strong></span> <span class='ocrx_word' id='word_1_535' title='bbox 343 3790 528 3863; x_wconf 86' lang='lat' dir='ltr'><strong>loquaturde</strong></span> <span class='ocrx_word' id='word_1_536' title='bbox 543 3789 712 3860; x_wconf 86' lang='lat' dir='ltr'><strong>virtutibus,</strong></span> <span class='ocrx_word' id='word_1_537' title='bbox 733 3788 820 3845; x_wconf 81' lang='lat' dir='ltr'><strong>modo</strong></span> <span class='ocrx_word' id='word_1_538' title='bbox 875 3789 957 3847; x_wconf 91' lang='lat' dir='ltr'><strong>mino</strong></span> <span class='ocrx_word' id='word_1_539' title='bbox 968 3786 1146 3845; x_wconf 86' lang='lat' dir='ltr'><strong>uostrolesu</strong></span> <span class='ocrx_word' id='word_1_540' title='bbox 1158 3784 1338 3858; x_wconf 86' lang='lat' dir='ltr'><strong>Christo,qui</strong></span> <span class='ocrx_word' id='word_1_541' title='bbox 1354 3790 1500 3858; x_wconf 88' lang='lat' dir='ltr'><strong>estsuper</strong></span> <span class='ocrx_word' id='word_1_542' title='bbox 1513 3783 1611 3842; x_wconf 92' lang='lat' dir='ltr'><strong>omniu</strong></span> <span class='ocrx_word' id='word_1_543' title='bbox 1622 3786 1701 3842; x_wconf 86' lang='lat' dir='ltr'><strong>Dens</strong></span> 
     </span>
     <span class='ocr_line' id='line_1_41' title="bbox 71 3874 1535 3952; baseline -0.004 -16"><span class='ocrx_word' id='word_1_544' title='bbox 71 3880 124 3937; x_wconf 74' lang='lat' dir='ltr'><strong>&#39;tiis</strong></span> <span class='ocrx_word' id='word_1_545' title='bbox 140 3897 147 3936; x_wconf 74' lang='grc' dir='ltr'><strong>ι</strong></span> <span class='ocrx_word' id='word_1_546' title='bbox 163 3880 339 3951; x_wconf 87' lang='lat' dir='ltr'><strong>quandoque</strong></span> <span class='ocrx_word' id='word_1_547' title='bbox 363 3882 398 3935; x_wconf 94' lang='lat' dir='ltr'><strong>de</strong></span> <span class='ocrx_word' id='word_1_548' title='bbox 422 3879 561 3952; x_wconf 69' lang='lat' dir='ltr'><strong>premiis,</strong></span> <span class='ocrx_word' id='word_1_549' title='bbox 587 3880 763 3951; x_wconf 89' lang='lat' dir='ltr'><strong>quandoque</strong></span> <span class='ocrx_word' id='word_1_550' title='bbox 786 3879 821 3935; x_wconf 91' lang='lat' dir='ltr'><strong>de</strong></span> <span class='ocrx_word' id='word_1_551' title='bbox 875 3877 1047 3936; x_wconf 88' lang='lat' dir='ltr'><strong>benedictus</strong></span> <span class='ocrx_word' id='word_1_552' title='bbox 1061 3875 1092 3931; x_wconf 93' lang='lat' dir='ltr'><strong>iu</strong></span> <span class='ocrx_word' id='word_1_553' title='bbox 1108 3879 1217 3932; x_wconf 71' lang='lat' dir='ltr'><strong>saecuta</strong></span> <span class='ocrx_word' id='word_1_554' title='bbox 1231 3874 1417 3933; x_wconf 81' lang='lat' dir='ltr'><strong>soculorum.</strong></span> <span class='ocrx_word' id='word_1_555' title='bbox 1433 3880 1535 3931; x_wconf 82' lang='lat' dir='ltr'><strong>Amen.</strong></span> 
     </span>
    </p>

    <p class='ocr_par' dir='ltr' id='par_1_5' title="bbox 71 3966 1306 4041">
     <span class='ocr_line' id='line_1_42' title="bbox 71 3966 1306 4041; baseline 0.001 -17"><span class='ocrx_word' id='word_1_556' title='bbox 71 3972 91 4027; x_wconf 75' lang='lat' dir='ltr'><strong>Ls</strong></span> <span class='ocrx_word' id='word_1_557' title='bbox 106 3986 114 4027; x_wconf 73' lang='grc' dir='ltr'><strong>ε</strong></span> <span class='ocrx_word' id='word_1_558' title='bbox 131 3968 289 4041; x_wconf 84' lang='lat' dir='ltr'><strong>aliquando</strong></span> <span class='ocrx_word' id='word_1_559' title='bbox 307 3968 343 4025; x_wconf 90' lang='lat' dir='ltr'><strong>de</strong></span> <span class='ocrx_word' id='word_1_560' title='bbox 368 3967 581 4041; x_wconf 90' lang='lat' dir='ltr'><strong>misericordia,</strong></span> <span class='ocrx_word' id='word_1_561' title='bbox 606 3966 764 4040; x_wconf 89' lang='lat' dir='ltr'><strong>aliqnando</strong></span> <span class='ocrx_word' id='word_1_562' title='bbox 786 3969 821 4025; x_wconf 91' lang='lat' dir='ltr'><strong>de</strong></span> <span class='ocrx_word' id='word_1_563' title='bbox 1272 3995 1306 4007; x_wconf 92' lang='lat'><em>-</em></span> 
     </span>
    </p>
   </div>
   <div class='ocr_carea' id='block_1_5' title="bbox 369 4280 1335 4510">
    <p class='ocr_par' dir='ltr' id='par_1_6' title="bbox 369 4280 1335 4510">
     <span class='ocr_line' id='line_1_43' title="bbox 719 4280 987 4351; baseline 0.011 -3"><span class='ocrx_word' id='word_1_564' title='bbox 719 4280 852 4351; x_wconf 84' lang='lat' dir='ltr'>SERMO</span> <span class='ocrx_word' id='word_1_565' title='bbox 876 4284 987 4351; x_wconf 86' lang='lat' dir='ltr'><strong>lllllll.</strong></span> 
     </span>
     <span class='ocr_line' id='line_1_44' title="bbox 369 4448 1335 4510; baseline 0.001 -5"><span class='ocrx_word' id='word_1_566' title='bbox 369 4451 406 4509; x_wconf 86' lang='lat' dir='ltr'><strong>IN</strong></span> <span class='ocrx_word' id='word_1_567' title='bbox 427 4448 682 4506; x_wconf 78' lang='lat' dir='ltr'><strong>SOLEMNITATll</strong></span> <span class='ocrx_word' id='word_1_568' title='bbox 701 4448 929 4508; x_wconf 71' lang='lat' dir='ltr'><strong>esamssltss</strong></span> <span class='ocrx_word' id='word_1_569' title='bbox 949 4452 1075 4509; x_wconf 82' lang='lat' dir='ltr'>MARIAE</span> <span class='ocrx_word' id='word_1_570' title='bbox 1094 4450 1335 4510; x_wconf 72' lang='lat' dir='ltr'><strong>llilGDALllNAE.</strong></span> 
     </span>
    </p>
   </div>
   <div class='ocr_carea' id='block_1_6' title="bbox 71 4601 1710 4826">
    <p class='ocr_par' dir='ltr' id='par_1_7' title="bbox 71 4601 1710 4826">
     <span class='ocr_line' id='line_1_45' title="bbox 71 4601 1710 4679; baseline -0.001 -15"><span class='ocrx_word' id='word_1_571' title='bbox 71 4608 137 4665; x_wconf 89' lang='lat' dir='ltr'><strong>nodo</strong></span> <span class='ocrx_word' id='word_1_572' title='bbox 161 4609 265 4679; x_wconf 82' lang='lat' dir='ltr'><strong>septem</strong></span> <span class='ocrx_word' id='word_1_573' title='bbox 288 4605 379 4662; x_wconf 80' lang='lat' dir='ltr'><strong>modis</strong></span> <span class='ocrx_word' id='word_1_574' title='bbox 408 4611 529 4662; x_wconf 81' lang='lat' dir='ltr'><strong>trirmnno</strong></span> <span class='ocrx_word' id='word_1_575' title='bbox 557 4602 711 4659; x_wconf 82' lang='lat' dir='ltr'><strong>incrtntitns</strong></span> <span class='ocrx_word' id='word_1_576' title='bbox 738 4601 867 4677; x_wconf 80' lang='lat' dir='ltr'><strong>deliquit,</strong></span> <span class='ocrx_word' id='word_1_577' title='bbox 893 4616 919 4661; x_wconf 82' lang='lat' dir='ltr'><strong>et</strong></span> <span class='ocrx_word' id='word_1_578' title='bbox 941 4605 1050 4663; x_wconf 65' lang='lat' dir='ltr'><strong>winus</strong></span> <span class='ocrx_word' id='word_1_579' title='bbox 1070 4607 1221 4679; x_wconf 80' lang='lat' dir='ltr'><strong>tripliciter</strong></span> <span class='ocrx_word' id='word_1_580' title='bbox 1245 4607 1385 4662; x_wconf 80' lang='lat' dir='ltr'><strong>bominem</strong></span> <span class='ocrx_word' id='word_1_581' title='bbox 1412 4612 1494 4661; x_wconf 75' lang='lat' dir='ltr'><strong>ocant</strong></span> <span class='ocrx_word' id='word_1_582' title='bbox 1517 4622 1526 4659; x_wconf 94' lang='lat'><strong>.·</strong></span> <span class='ocrx_word' id='word_1_583' title='bbox 1550 4607 1616 4662; x_wconf 82' lang='lat' dir='ltr'><strong>item</strong></span> <span class='ocrx_word' id='word_1_584' title='bbox 1645 4622 1710 4679; x_wconf 84' lang='lat' dir='ltr'><strong>quo·</strong></span> 
     </span>
     <span class='ocr_line' id='line_1_46' title="bbox 71 4681 1709 4765; baseline -0.002 -21"><span class='ocrx_word' id='word_1_585' title='bbox 71 4689 116 4745; x_wconf 76' lang='lat' dir='ltr'><strong>ado</strong></span> <span class='ocrx_word' id='word_1_586' title='bbox 140 4688 227 4744; x_wconf 85' lang='lat' dir='ltr'><strong>llario</strong></span> <span class='ocrx_word' id='word_1_587' title='bbox 248 4686 408 4758; x_wconf 80' lang='lat' dir='ltr'><strong>dnpdutcnn</strong></span> <span class='ocrx_word' id='word_1_588' title='bbox 431 4689 534 4758; x_wconf 82' lang='lat' dir='ltr'><strong>septem</strong></span> <span class='ocrx_word' id='word_1_589' title='bbox 555 4683 701 4765; x_wconf 66' lang='lat' dir='ltr'><strong>‹lenioniis</strong></span> <span class='ocrx_word' id='word_1_590' title='bbox 724 4681 813 4756; x_wconf 85' lang='lat' dir='ltr'><strong>suerit</strong></span> <span class='ocrx_word' id='word_1_591' title='bbox 837 4684 952 4758; x_wconf 71' lang='lat' dir='ltr'><strong>clamen,</strong></span> <span class='ocrx_word' id='word_1_592' title='bbox 973 4690 999 4742; x_wconf 78' lang='lat' dir='ltr'><strong>et</strong></span> <span class='ocrx_word' id='word_1_593' title='bbox 1012 4686 1045 4743; x_wconf 85' lang='lat' dir='ltr'><strong>de</strong></span> <span class='ocrx_word' id='word_1_594' title='bbox 1058 4691 1170 4758; x_wconf 86' lang='lat' dir='ltr'><strong>peccota</strong></span> <span class='ocrx_word' id='word_1_595' title='bbox 1195 4685 1273 4743; x_wconf 81' lang='lat' dir='ltr'><strong>altius</strong></span> <span class='ocrx_word' id='word_1_596' title='bbox 1287 4696 1314 4743; x_wconf 85' lang='lat' dir='ltr'><strong>ct</strong></span> <span class='ocrx_word' id='word_1_597' title='bbox 1334 4687 1501 4759; x_wconf 76' lang='lat' dir='ltr'><strong>paenitentis</strong></span> <span class='ocrx_word' id='word_1_598' title='bbox 1514 4702 1547 4742; x_wconf 91' lang='lat' dir='ltr'><strong>nc</strong></span> <span class='ocrx_word' id='word_1_599' title='bbox 1575 4692 1709 4759; x_wconf 69' lang='lat' dir='ltr'><strong>satisfec-</strong></span> 
     </span>
     <span class='ocr_line' id='line_1_47' title="bbox 71 4784 124 4826; baseline 0.038 -2"><span class='ocrx_word' id='word_1_600' title='bbox 71 4784 124 4826; x_wconf 81' lang='lat' dir='ltr'><strong>ine.</strong></span> 
     </span>
    </p>
   </div>
   <div class='ocr_carea' id='block_1_7' title="bbox 71 5067 1717 5681">
    <p class='ocr_par' dir='ltr' id='par_1_8' title="bbox 71 5067 1717 5681">
     <span class='ocr_line' id='line_1_48' title="bbox 71 5067 1712 5149; baseline 0.002 -24"><span class='ocrx_word' id='word_1_601' title='bbox 71 5073 93 5128; x_wconf 79' lang='lat' dir='ltr'><strong>&#39;ri</strong></span> <span class='ocrx_word' id='word_1_602' title='bbox 105 5072 264 5128; x_wconf 79' lang='lat' dir='ltr'><strong>nisiadonit</strong></span> <span class='ocrx_word' id='word_1_603' title='bbox 279 5070 422 5137; x_wconf 81' lang='lat' dir='ltr'><strong>delictum,</strong></span> <span class='ocrx_word' id='word_1_604' title='bbox 440 5067 675 5140; x_wconf 81' lang='lat' dir='ltr'><strong>superabandavit</strong></span> <span class='ocrx_word' id='word_1_605' title='bbox 689 5073 716 5127; x_wconf 87' lang='lat' dir='ltr'><strong>et</strong></span> <span class='ocrx_word' id='word_1_606' title='bbox 739 5073 832 5140; x_wconf 79' lang='lat' dir='ltr'><strong>pretio</strong></span> <span class='ocrx_word' id='word_1_607' title='bbox 847 5084 870 5149; x_wconf 74' lang='lat' dir='ltr'><strong>[J</strong></span> <span class='ocrx_word' id='word_1_608' title='bbox 886 5071 913 5127; x_wconf 94' lang='lat' dir='ltr'><strong>in</strong></span> <span class='ocrx_word' id='word_1_609' title='bbox 931 5072 1031 5139; x_wconf 91' lang='lat' dir='ltr'><strong>ore,in</strong></span> <span class='ocrx_word' id='word_1_610' title='bbox 1048 5088 1136 5146; x_wconf 84' lang='lat' dir='ltr'><strong>opera</strong></span> <span class='ocrx_word' id='word_1_611' title='bbox 1152 5089 1159 5128; x_wconf 91' lang='lat'><strong>:</strong></span> <span class='ocrx_word' id='word_1_612' title='bbox 1177 5087 1228 5144; x_wconf 87' lang='lat' dir='ltr'><strong>per</strong></span> <span class='ocrx_word' id='word_1_613' title='bbox 1243 5072 1438 5143; x_wconf 85' lang='lat' dir='ltr'><strong>ignorantiam</strong></span> <span class='ocrx_word' id='word_1_614' title='bbox 1452 5075 1481 5127; x_wconf 88' lang='lat' dir='ltr'><strong>et</strong></span> <span class='ocrx_word' id='word_1_615' title='bbox 1496 5069 1712 5141; x_wconf 80' lang='lat' dir='ltr'><strong>impotentiam,</strong></span> 
     </span>
     <span class='ocr_line' id='line_1_49' title="bbox 71 5158 1714 5234; baseline 0.001 -20"><span class='ocrx_word' id='word_1_616' title='bbox 71 5179 94 5216; x_wconf 83' lang='lat' dir='ltr'><strong>a.</strong></span> <span class='ocrx_word' id='word_1_617' title='bbox 110 5161 150 5231; x_wconf 87' lang='lat' dir='ltr'><strong>v).</strong></span> <span class='ocrx_word' id='word_1_618' title='bbox 889 5178 942 5234; x_wconf 89' lang='lat' dir='ltr'><strong>par</strong></span> <span class='ocrx_word' id='word_1_619' title='bbox 956 5160 1164 5234; x_wconf 75' lang='lat' dir='ltr'><strong>negligentium</strong></span> <span class='ocrx_word' id='word_1_620' title='bbox 1180 5166 1209 5217; x_wconf 91' lang='lat' dir='ltr'><strong>et</strong></span> <span class='ocrx_word' id='word_1_621' title='bbox 1219 5159 1490 5217; x_wconf 78' lang='lat' dir='ltr'><strong>invidentiamflso</strong></span> <span class='ocrx_word' id='word_1_622' title='bbox 1505 5163 1575 5215; x_wconf 92' lang='lat' dir='ltr'><strong>suut</strong></span> <span class='ocrx_word' id='word_1_623' title='bbox 1589 5158 1714 5216; x_wconf 81' lang='lat' dir='ltr'><strong>tortasse</strong></span> 
     </span>
     <span class='ocr_line' id='line_1_50' title="bbox 72 5245 1714 5323; baseline -0.001 -17"><span class='ocrx_word' id='word_1_624' title='bbox 72 5249 228 5323; x_wconf 65' lang='lat' dir='ltr'><strong>repositum</strong></span> <span class='ocrx_word' id='word_1_625' title='bbox 244 5247 327 5303; x_wconf 81' lang='lat' dir='ltr'><strong>robis</strong></span> <span class='ocrx_word' id='word_1_626' title='bbox 345 5245 468 5317; x_wconf 90' lang='lat' dir='ltr'><strong>apostoli</strong></span> <span class='ocrx_word' id='word_1_627' title='bbox 484 5247 731 5312; x_wconf 89' lang='lat' dir='ltr'><strong>verbum,ccrtnm</strong></span> <span class='ocrx_word' id='word_1_628' title='bbox 747 5254 792 5303; x_wconf 91' lang='lat' dir='ltr'><strong>est</strong></span> <span class='ocrx_word' id='word_1_629' title='bbox 803 5248 831 5305; x_wconf 89' lang='lat' dir='ltr'><strong>io</strong></span> <span class='ocrx_word' id='word_1_630' title='bbox 887 5251 938 5307; x_wconf 90' lang='lat' dir='ltr'><strong>illa</strong></span> <span class='ocrx_word' id='word_1_631' title='bbox 953 5257 1065 5323; x_wconf 86' lang='lat' dir='ltr'><strong>septem</strong></span> <span class='ocrx_word' id='word_1_632' title='bbox 1083 5252 1304 5322; x_wconf 69' lang='lat' dir='ltr'><strong>darnoniunpuae</strong></span> <span class='ocrx_word' id='word_1_633' title='bbox 1314 5247 1615 5320; x_wconf 83' lang='lat' dir='ltr'><strong>juxtatestimonium</strong></span> <span class='ocrx_word' id='word_1_634' title='bbox 1627 5264 1714 5305; x_wconf 86' lang='lat' dir='ltr'><strong>evau-</strong></span> 
     </span>
     <span class='ocr_line' id='line_1_51' title="bbox 72 5334 1715 5411; baseline 0.001 -18"><span class='ocrx_word' id='word_1_635' title='bbox 72 5339 97 5395; x_wconf 91' lang='lat' dir='ltr'><strong>ia</strong></span> <span class='ocrx_word' id='word_1_636' title='bbox 114 5337 288 5409; x_wconf 83' lang='lat' dir='ltr'><strong>llagdalena</strong></span> <span class='ocrx_word' id='word_1_637' title='bbox 304 5336 396 5391; x_wconf 86' lang='lat' dir='ltr'><strong>tuisse</strong></span> <span class='ocrx_word' id='word_1_638' title='bbox 411 5334 599 5407; x_wconf 91' lang='lat' dir='ltr'><strong>completum,</strong></span> <span class='ocrx_word' id='word_1_639' title='bbox 612 5335 641 5390; x_wconf 93' lang='lat' dir='ltr'><strong>in</strong></span> <span class='ocrx_word' id='word_1_640' title='bbox 658 5352 716 5406; x_wconf 88' lang='lat' dir='ltr'><strong>qua</strong></span> <span class='ocrx_word' id='word_1_641' title='bbox 730 5336 833 5393; x_wconf 86' lang='lat' dir='ltr'><strong>videli-</strong></span> <span class='ocrx_word' id='word_1_642' title='bbox 888 5338 1014 5410; x_wconf 82' lang='lat' dir='ltr'><strong>geticum</strong></span> <span class='ocrx_word' id='word_1_643' title='bbox 1027 5342 1062 5396; x_wconf 90' lang='lat' dir='ltr'><strong>de</strong></span> <span class='ocrx_word' id='word_1_644' title='bbox 1074 5340 1162 5395; x_wconf 82' lang='lat' dir='ltr'><strong>ituria</strong></span> <span class='ocrx_word' id='word_1_645' title='bbox 1179 5338 1352 5411; x_wconf 79' lang='lat' dir='ltr'><strong>blagilalens</strong></span> <span class='ocrx_word' id='word_1_646' title='bbox 1365 5336 1502 5394; x_wconf 86' lang='lat' dir='ltr'><strong>cbristus</strong></span> <span class='ocrx_word' id='word_1_647' title='bbox 1516 5336 1612 5407; x_wconf 89' lang='lat' dir='ltr'><strong>ejecit.</strong></span> <span class='ocrx_word' id='word_1_648' title='bbox 1627 5335 1715 5394; x_wconf 91' lang='lat' dir='ltr'><strong>Vide·</strong></span> 
     </span>
     <span class='ocr_line' id='line_1_52' title="bbox 72 5423 1712 5500; baseline -0.001 -16"><span class='ocrx_word' id='word_1_649' title='bbox 72 5426 218 5485; x_wconf 79' lang='lat' dir='ltr'><strong>abundauit</strong></span> <span class='ocrx_word' id='word_1_650' title='bbox 234 5426 377 5493; x_wconf 85' lang='lat' dir='ltr'><strong>delictum,</strong></span> <span class='ocrx_word' id='word_1_651' title='bbox 391 5424 632 5495; x_wconf 67' lang='lat' dir='ltr'><strong>curreretundneit</strong></span> <span class='ocrx_word' id='word_1_652' title='bbox 646 5428 672 5480; x_wconf 83' lang='lat' dir='ltr'><strong>et</strong></span> <span class='ocrx_word' id='word_1_653' title='bbox 686 5426 787 5496; x_wconf 73' lang='lat' dir='ltr'><strong>cratin.</strong></span> <span class='ocrx_word' id='word_1_654' title='bbox 889 5427 957 5483; x_wconf 89' lang='lat' dir='ltr'><strong>ticet</strong></span> <span class='ocrx_word' id='word_1_655' title='bbox 972 5433 1124 5500; x_wconf 89' lang='lat' dir='ltr'><strong>paccatum</strong></span> <span class='ocrx_word' id='word_1_656' title='bbox 1140 5426 1325 5500; x_wconf 80' lang='lat' dir='ltr'><strong>cogitationis</strong></span> <span class='ocrx_word' id='word_1_657' title='bbox 1340 5424 1370 5480; x_wconf 92' lang='lat' dir='ltr'><strong>in</strong></span> <span class='ocrx_word' id='word_1_658' title='bbox 1386 5423 1484 5493; x_wconf 88' lang='lat' dir='ltr'><strong>corde,</strong></span> <span class='ocrx_word' id='word_1_659' title='bbox 1501 5429 1655 5497; x_wconf 88' lang='lat' dir='ltr'><strong>peceatum</strong></span> <span class='ocrx_word' id='word_1_660' title='bbox 1670 5425 1712 5483; x_wconf 90' lang='lat' dir='ltr'><strong>lo·</strong></span> 
     </span>
     <span class='ocr_line' id='line_1_53' title="bbox 72 5512 1715 5590; baseline -0.002 -18"><span class='ocrx_word' id='word_1_661' title='bbox 72 5520 157 5590; x_wconf 83' lang='lat' dir='ltr'><strong>rptein</strong></span> <span class='ocrx_word' id='word_1_662' title='bbox 169 5521 267 5571; x_wconf 87' lang='lat' dir='ltr'><strong>nutem</strong></span> <span class='ocrx_word' id='word_1_663' title='bbox 280 5512 833 5586; x_wconf 88' lang='lat' dir='ltr'><strong>modismortalitasbumsoadeliquit,</strong></span> <span class='ocrx_word' id='word_1_664' title='bbox 890 5517 1016 5574; x_wconf 86' lang='lat' dir='ltr'><strong>cationis</strong></span> <span class='ocrx_word' id='word_1_665' title='bbox 1032 5518 1060 5573; x_wconf 96' lang='lat' dir='ltr'><strong>in</strong></span> <span class='ocrx_word' id='word_1_666' title='bbox 1076 5534 1137 5582; x_wconf 87' lang='lat' dir='ltr'><strong>oro,</strong></span> <span class='ocrx_word' id='word_1_667' title='bbox 1154 5520 1307 5588; x_wconf 89' lang='lat' dir='ltr'><strong>peccatum</strong></span> <span class='ocrx_word' id='word_1_668' title='bbox 1323 5512 1519 5570; x_wconf 80' lang='lat' dir='ltr'><strong>exsecutionis</strong></span> <span class='ocrx_word' id='word_1_669' title='bbox 1538 5513 1569 5569; x_wconf 95' lang='lat' dir='ltr'><strong>in</strong></span> <span class='ocrx_word' id='word_1_670' title='bbox 1594 5530 1681 5587; x_wconf 88' lang='lat' dir='ltr'><strong>opere</strong></span> <span class='ocrx_word' id='word_1_671' title='bbox 1707 5529 1715 5568; x_wconf 74' lang='grc' dir='ltr'>ε</span> 
     </span>
     <span class='ocr_line' id='line_1_54' title="bbox 72 5601 1717 5681; baseline -0.002 -17"><span class='ocrx_word' id='word_1_672' title='bbox 72 5606 147 5665; x_wconf 77' lang='lat' dir='ltr'><strong>ribus</strong></span> <span class='ocrx_word' id='word_1_673' title='bbox 162 5603 366 5679; x_wconf 80' lang='lat' dir='ltr'><strong>generibus,et</strong></span> <span class='ocrx_word' id='word_1_674' title='bbox 381 5606 509 5676; x_wconf 86' lang='lat' dir='ltr'><strong>quatuor</strong></span> <span class='ocrx_word' id='word_1_675' title='bbox 522 5601 721 5676; x_wconf 79' lang='lat' dir='ltr'><strong>speciebusziu</strong></span> <span class='ocrx_word' id='word_1_676' title='bbox 735 5604 834 5677; x_wconf 88' lang='lat' dir='ltr'><strong>corde,</strong></span> <span class='ocrx_word' id='word_1_677' title='bbox 888 5604 1029 5665; x_wconf 88' lang='lat' dir='ltr'><strong>delictum</strong></span> <span class='ocrx_word' id='word_1_678' title='bbox 1046 5604 1246 5681; x_wconf 86' lang='lat' dir='ltr'><strong>simplicitatis</strong></span> <span class='ocrx_word' id='word_1_679' title='bbox 1270 5619 1322 5678; x_wconf 92' lang='lat' dir='ltr'><strong>per</strong></span> <span class='ocrx_word' id='word_1_680' title='bbox 1344 5602 1555 5679; x_wconf 79' lang='lat' dir='ltr'><strong>ignorantiam,</strong></span> <span class='ocrx_word' id='word_1_681' title='bbox 1575 5601 1717 5663; x_wconf 89' lang='lat' dir='ltr'><strong>delictum</strong></span> 
     </span>
    </p>
   </div>
   <div class='ocr_carea' id='block_1_8' title="bbox 0 0 1902 5986">
    <p class='ocr_par' dir='ltr' id='par_1_9' title="bbox 0 0 1902 5986">
     <span class='ocr_line' id='line_1_55' title="bbox 0 0 1902 5986; baseline 0 0"><span class='ocrx_word' id='word_1_682' title='bbox 0 0 1902 5986; x_wconf 95' lang='lat' dir='ltr'><strong> </strong></span> 
     </span>
    </p>
   </div>
  </div>
 </body>
</html>
