3796 5986
83 199 138 275 tit
666 205 1185 270 anmwocnannmusansra
1737 199 1792 259 sss

84 327 219 390 decimus
233 331 373 390 denarius
386 349 456 392 cum
472 332 587 391 decima
601 337 766 392 aratrorum
791 336 907 391 nostro·
920 331 950 401 Α
962 330 1046 392 lecha
1058 332 1162 392 filiis...
1178 334 1321 394 iratribus
1336 330 1495 406 Hospitalis
1510 331 1541 390 s.
1553 328 1678 388 loannis
1705 327 1791 385 lero·

86 435 152 479 rum
168 424 284 495 spectat
298 427 327 480 et
341 422 476 481 omnium
491 439 590 480 rerum
606 423 640 479 ad
668 422 825 480 utilitatem
855 438 908 480 nu-
960 422 1140 498 solymitani,
1157 425 1281 483 satutem
1298 428 1328 482 et
1338 421 1530 498 apostolicam
1544 418 1789 479 benedictionem.

86 513 180 570 stram
197 511 409 585 pertinentium
435 512 627 580 contulimus,
642 512 851 570 interdicentes
876 514 909 569 ut
995 513 1088 571 iustis
1104 514 1267 588 petentium
1282 513 1439 572 desideriis
1453 512 1574 585 dignum
1600 513 1646 567 est
1673 507 1790 566 facilem

88 599 189 658 nullus
203 601 266 659 hmo
280 603 387 660 audeat
400 603 567 661 immutare.
585 603 763 661 Libertatem
778 602 866 660 etiam
877 601 907 658 in
961 604 1090 677 prebere
1103 621 1293 676 consensum,
1309 608 1339 660 et
1352 608 1420 661 vote
1434 618 1498 676 qua
1513 596 1792 657 arationistramite

88 690 910 767 episcoporumelectione‚quamquidamprincipesim-
963 709 1022 751 non
1063 694 1240 765 discordant,
1269 690 1372 752 ellectu
1409 694 1604 766 prosequente
1632 687 1790 760 complere.

88 781 189 857 pedire
197 779 340 851 solebant,
348 782 909 857 canonicisipsiusacclesiasecundum
964 780 1135 858 hapropter,
1146 785 1245 842 dilecti
1258 784 1288 841 in
1303 782 1427 841 Domino
1442 780 1507 850 filii,
1523 779 1628 837 vestris
1639 777 1730 851 justis
1759 781 1789 834 et

84 871 154 944 jura
169 886 315 928 canonum
329 870 420 930 libere
435 875 464 929 et
479 872 613 930 absolute
628 871 828 940 concedimus,
839 876 911 929 elno
963 872 1077 930 devotis
1089 873 1465 946 postulationibusgratum
1476 868 1677 942 impertientes
1689 881 1792 924 maan·

88 959 282 1034 imposterum
297 961 431 1018 irritetur
443 961 644 1035 prohibemus.
964 979 1042 1029 aum,
1055 963 1207 1021 libertates
1222 968 1252 1021 et
1265 960 1472 1019 immunitates
1487 956 1627 1032 hospitali
1641 960 1739 1014 vestro
1764 959 1793 1013 et

128 1071 140 1102 a
156 1049 193 1107 Ut
208 1056 307 1108 autem
319 1049 488 1110 haecomnia
499 1052 911 1125 rataetinconcussaperma·
965 1049 1135 1110 hominibus
1151 1054 1283 1125 ejusdem
1299 1069 1317 1109 a
1331 1051 1504 1109 charissimo
1533 1049 1562 1105 in
1592 1047 1707 1105 Christo
1729 1046 1793 1103 filio

90 1144 189 1211 nsunt,
205 1138 281 1197 hanc
296 1146 403 1199 nostra
418 1141 585 1199 serenitatis
601 1142 740 1217 paginam
756 1147 856 1200 nostro
871 1139 911 1198 si·
965 1141 1126 1200 wladislao
1140 1142 1249 1200 illustri
1261 1141 1430 1200 marchione
1445 1138 1581 1197 Morauie
1592 1137 1621 1194 in
1638 1142 1717 1193 terra
1745 1136 1790 1209 ip·

90 1228 161 1304 gillo
177 1231 301 1287 tacimus
316 1232 458 1302 roborari,
473 1236 503 1290 et
517 1249 534 1289 a
549 1233 706 1289 venerabili
720 1232 802 1289 Patre
812 1236 912 1289 nostro
966 1247 1029 1291 stus
1044 1248 1212 1302 concessas,
1228 1233 1306 1290 sicut
1320 1232 1350 1288 in
1367 1230 1499 1304 ejusdem
1516 1225 1696 1284 marchionis
1707 1224 1796 1297 privi-

92 1316 222 1377 Rubertc
237 1319 266 1376 in
283 1320 330 1376 die
343 1320 447 1378 Pachec
462 1322 578 1393 publice
606 1321 865 1380 excommunicari.
882 1320 913 1379 Si
966 1319 1043 1395 legio
1054 1321 1169 1394 planius
1180 1323 1356 1389 continetur,
1369 1336 1489 1378 necnon
1501 1333 1591 1376 novas
1602 1320 1715 1373 vestras
1729 1331 1796 1388 pos·

93 1406 160 1481 quis
177 1411 275 1465 autem
291 1413 393 1466 contra
410 1409 488 1466 hano
503 1415 633 1467 nostrum
646 1411 758 1468 venerit
772 1411 913 1468 constitu·
967 1412 1115 1471 sessiones
1129 1413 1212 1470 vobis
1226 1430 1243 1470 a
1258 1411 1364 1468 comite
1380 1407 1535 1466 Adalberto
1550 1407 1582 1463 in
1596 1404 1701 1463 Cunici
1729 1403 1793 1461 ccl-

92 1497 214 1570 tionam,
230 1514 329 1554 rerum
344 1515 465 1555 suarum
490 1499 571 1572 gravi
595 1499 738 1557 muitetur
761 1499 914 1571 dispendio
966 1498 1053 1569 latas,
1070 1518 1137 1558 cum
1153 1501 1265 1575 capella
1278 1500 1308 1558 in
1325 1500 1530 1563 Grusscwane,
1542 1494 1681 1568 hospitali
1696 1497 1796 1550 aucto

92 1589 121 1646 at
135 1587 226 1645 ileum
241 1604 309 1644 cum
321 1587 566 1647 sanctissuissibi
576 1591 732 1647 adversum
745 1589 775 1646 in
786 1594 915 1645 extremo
968 1589 1055 1647 ritate
1070 1589 1231 1664 apostolica
1245 1591 1468 1659 confirmamus,
1484 1592 1513 1644 et
1527 1584 1680 1661 prasentia
1690 1583 1795 1656 scripti

93 1677 204 1734 sentiat
223 1676 347 1750 judicio.
373 1677 468 1750 liujus
495 1678 537 1736 rei
559 1684 629 1736 sunt
656 1683 768 1737 testes:
799 1678 912 1736 Wolte·
928 1724 954 1794 B
970 1680 1133 1753 patrocinio
1146 1680 1378 1738 communimus.

92 1765 154 1825 rius
169 1767 310 1825 decamus
324 1766 527 1827 olomucensis
541 1773 570 1826 et
583 1769 808 1827 archidiaconus
832 1769 912 1825 Znoe-
1003 1769 1080 1827 Nulli
1094 1787 1162 1844 ergo
1177 1767 1462 1829 omninohcmiuum
1472 1764 1645 1823 liceathanc
1656 1761 1794 1836 paginam

94 1857 216 1925 mensis,
253 1857 433 1916 ltadosslaus
474 1858 701 1917 archidiaconus
741 1859 915 1917 Olcmucen·
969 1853 1593 1930 nostraconfirmationisiniringre,velei
1611 1855 1795 1910 auautems·

91 1946 145 2017 sis,
160 1946 256 2005 Boslso
270 1948 492 2006 archidiaconus
509 1949 712 2017 Prerowensis,
729 1950 804 2005 Esau
820 1946 915 2005 archi·
969 1950 1047 2008 raric
1062 1950 1214 2007 contraire.
1237 1949 1265 2006 Si
1283 1948 1350 2023 quis
1366 1952 1463 2005 autem
1479 1945 1533 2002 hoe
1548 1946 1693 2000 attentare
1718 1957 1795 2014 prs·

93 2036 235 2095 dlaconus
261 2036 698 2103 Brccizlavensis,Hermannus
726 2038 818 2095 abbas
845 2041 916 2094 (lra-

93 2126 249 2196 discensis,
265 2129 377 2185 Arnust
404 2129 594 2196 camerarius,
608 2128 777 2186 Willalmus
799 2127 916 2195 Uesich,

92 2215 214 2287 zlauko,
229 2215 408 2290 bogusslaus
426 2215 559 2291 odoleni,
575 2219 687 2291 Boguta
706 2221 736 2275 ct
762 2215 917 2274 Heinricus

97 2306 186 2365 irater
210 2306 274 2379 ejus
285 2306 378 2378 iudex
390 2306 602 2377 olomucensis,
619 2306 713 2364 Medio
737 2305 918 2364 castellanus

95 2393 308 2463 olomucensis,
336 2395 522 2466 sudomirus,
538 2396 641 2453 Petrus
675 2399 760 2469 lices,
790 2395 918 2452 Predhor

96 2481 919 2560 Hoblty,SdisslausGrutcwich,sadiwcy,Donatus‚Ss·

95 2572 201 2632 lislaus
215 2589 283 2631 cum
298 2573 358 2633 filio
372 2573 507 2647 slawata,
522 2574 729 2634 loanneacum
745 2575 835 2632 fratre
850 2573 918 2632 Pre-

30 2708 32 2715 .
96 2679 159 2732 son,
175 2662 297 2736 Odolen,
313 2663 463 2737 Rchhche,
479 2664 671 2738 ltadosslaus,
682 2664 920 2734 ilibirlaw,swa·

93 2753 196 2812 rovioh
205 2769 272 2810 cum
284 2752 370 2810 tratre
378 2753 671 2824 Sdizlao‚seminlaus
682 2754 920 2823 cumtlliis,lteh·

97 2843 204 2912 honus,
220 2843 402 2912 lindisslaus,
419 2849 549 2903 Pomnen
582 2845 799 2921 Jarognewieh,
815 2846 919 2919 illudo,

96 2933 197 2993 lichen
212 2950 281 2991 cum
296 2935 387 2992 tratre
401 2935 464 3006 ejus
483 2935 649 3008 Nedamirc,
662 2936 801 3008 lacobus,
816 2935 919 3007 Luteh,

94 3021 252 3094 zbrazlaw,
282 3022 385 3091 Wclia,
413 3023 514 3096 Vcien,
540 3025 610 3096 Bne,
647 3024 746 3097 Bicen,
775 3024 919 3094 Rathmir,

96 3113 236 3185 Predbor,
252 3113 457 3183 cenakowich,
474 3113 634 3187 voysslaw,
649 3119 785 3182 secenca,
812 3115 909 3172 Ludcr

97 3201 221 3277 Nsplah,
240 3202 381 3276 Strymon,
406 3202 514 3272 Sudek,
539 3204 688 3278 sobehyrd
716 3205 752 3262 de
779 3204 919 3277 Clobuc,

98 3291 221 3369 voyteh,
237 3293 407 3350 cumfratre
434 3293 617 3365 Doncamiro,
633 3294 719 3365 smil,
734 3311 802 3352 cum
831 3296 921 3352 tratre

97 3382 226 3451 andree,
241 3382 332 3456 tiron,
345 3382 501 3453 ondreick,
512 3382 623 3440 Boruth
639 3383 718 3443 lilius
727 3385 815 3457 Wols,
827 3384 922 3442 Rehor

98 3471 181 3533 attus
195 3472 270 3537 Bon,
283 3471 435 3544 stanimir,
452 3471 531 3531 iilius
544 3474 684 3547 Wiassin,
700 3474 834 3534 canonici
851 3474 922 3534 Olu-

100 3576 257 3623 muoenses
270 3579 277 3619 :
292 3561 424 3632 Wrateh,
444 3563 572 3636 vlessin,
598 3564 750 3638 shignew,
780 3566 924 3637 Andreas,

101 3652 260 3724 chuzeray,
276 3650 468 3726 Bogusslaus,
484 3653 596 3724 Petrus,
623 3654 750 3713 lacobus
773 3655 923 3723 ziffridus,

101 3741 278 3816 stephanus.

141 3853 157 3884 o
170 3833 241 3889 Acta
255 3833 326 3887 sunt
340 3840 401 3887 neec
415 3830 445 3887 in
460 3831 590 3899 Olmusc,
610 3849 688 3890 anno
713 3834 750 3891 ab
778 3837 925 3893 incarnat.

8 3922 13 3929 '
104 3920 927 3997 Dominiistil,datumpermanusltappotonisnotarii.s

971 2039 1142 2113 sumpserit,
1157 2038 1389 2113 indignationem
1404 2032 1613 2109 omnipotentis
1628 2031 1679 2088 Dei
1690 2033 1719 2089 et
1729 2030 1799 2087 bea·

971 2131 1070 2186 torum
1086 2128 1161 2186 Petri
1177 2134 1207 2186 et
1221 2127 1304 2186 Pauli
1321 2143 1352 2184 so
1367 2125 1480 2183 noverit
1493 2122 1693 2180 incursurum.

1006 2218 1112 2275 Datum
1143 2218 1251 2285 Roma,
1280 2216 1358 2289 apud
1385 2221 1413 2272 s.
1439 2218 1569 2283 Petrum,
1596 2227 1648 2267 vur
1672 2207 1794 2265 Kalend.

972 2307 1052 2383 Mati,
1069 2308 1259 2382 pontificatus
1274 2305 1368 2363 nostri
1384 2320 1460 2361 anno
1477 2319 1565 2360 nono.

1334 2438 1433 2496 CVIII.

972 2563 1014 2621 Ad
1026 2563 1194 2618 Hermaeum
1223 2558 1346 2615 actuum
1373 2559 1400 2613 ct
1425 2557 1525 2629 {ratres
1552 2549 1678 2610 ecclesie
1704 2549 1803 2607 liestae

1008 2635 1108 2692 Moriae
1132 2635 1161 2689 in
1190 2631 1283 2704 Soyno
1313 2626 1421 2685 ordinis
1450 2623 1735 2684 praemonstratensis.
1763 2652 1800 2663 -

1010 2710 1113 2765 Eorum
1123 2704 1274 2778 priuilegio
1287 2701 1442 2773 confirmat.

1142 2819 1237 2893 (Anno
1251 2817 1331 2874 teuc.
1347 2813 1491 2887 Laterani,
1506 2813 1576 2870 Maii
1591 2811 1630 2884 l.)

1063 2938 1239 3010 [llowrusua
1254 2935 1323 2993 llist.
1340 2934 1443 2991 uerter.
1458 2927 1711 3005 ciptom.,1,ott.]

935 3103 957 3174 c
1011 3075 1205 3133 luuocsumus
1220 3070 1386 3145 episcopus,
1403 3083 1507 3125 servus
1522 3079 1673 3166 servorum
1682 3060 1745 3165 Ilei,
1762 3060 1805 3117 di·

889 3157 918 3261 h'
974 3151 1808 3224 lectistiliisllsurasaucabbatietirutrtbusecolesraBea-

974 3262 1010 3315 tm
1024 3255 1123 3312 illaria
1139 3253 1169 3310 in
1183 3256 1289 3325 sayna,
1299 3254 1359 3307 tam
1371 3247 1566 3322 presentibus
1576 3259 1666 3316 quam
1686 3239 1805 3299 tuturis.

1012 3344 1189 3419 Regularem
1204 3342 1294 3398 uitam
1310 3338 1461 3414 protessis,
1477 3334 1643 3408 religiosam
1653 3331 1743 3388 uitam
1756 3328 1807 3386 oli·

976 3435 1125 3513 gentihus,
1141 3429 1336 3507 apostolicum
1353 3426 1489 3485 convenit
1503 3425 1607 3482 adesso
1621 3419 1804 3495 presidium.

976 3542 1013 3585 ne
1029 3525 1102 3582 torte
1116 3521 1276 3596 cujuslibet
1286 3515 1460 3577 temeritatis
1476 3517 1622 3580 incursus,
1638 3514 1690 3567 aut
1714 3525 1764 3567 ecs
1788 3523 1807 3565 s

976 3613 1127 3691 proposito
1143 3615 1268 3680 reuocet,
1285 3611 1337 3665 out
1365 3607 1465 3674 robur,
1481 3604 1559 3677 quod
1589 3598 1685 3658 obsiti
1714 3613 1805 3656 sacra

978 3701 1129 3778 religionis
1145 3700 1297 3773 infringat.

1013 3795 1185 3867 llaprcpter,
1201 3788 1300 3846 dilecti
1315 3786 1344 3842 in
1360 3784 1484 3843 Domino
1499 3781 1563 3851 lilii,
1583 3778 1690 3837 uestris
1713 3773 1806 3849 justis

980 3879 1228 3959 postulationibus
1243 3877 1402 3934 clementer
1417 3871 1587 3940 annuimus,
1603 3872 1632 3925 et
1658 3866 1808 3940 praelatam

981 3972 1136 4032 ecclesiam
1151 3970 1265 4026 Sancta
1280 3965 1374 4024 blariae
1389 3962 1420 4019 in
1446 3961 1552 4035 Segne,
1569 3959 1599 4014 in
1625 3973 1685 4030 qua
1709 3952 1808 4012 divino

19 4488 22 4493 ·
108 4459 149 4517 rit
163 4457 363 4516 incursurum.

140 4010 220 4071 Nulli
233 4025 302 4084 ergo
317 4008 438 4067 omnino
454 4010 605 4068 hominum
625 4011 712 4070 liceat
739 4013 816 4071 hanc
844 4013 928 4088 pagi-

106 4116 176 4161 nam
192 4104 298 4159 nostras
314 4100 546 4158 confirmationis
561 4100 730 4176 intringere,
745 4103 789 4161 vei
805 4107 829 4161 ei
854 4121 929 4162 ausu

105 4190 262 4249 temerario
276 4188 431 4248 contraire.
447 4191 478 4247 Si
493 4190 559 4263 quis
579 4196 678 4249 autem
706 4191 759 4250 hoc
787 4198 931 4252 attentare

109 4281 341 4354 praesumpserit,
357 4279 587 4353 indignationem
604 4281 814 4355 omnipotentis
826 4284 888 4355 Dei,
903 4288 933 4342 st

107 4370 260 4429 beatorum
276 4369 353 4427 Petri
367 4373 397 4427 et
410 4368 490 4428 Pauli
507 4371 706 4445 apostolorum
721 4374 785 4445 ejus
800 4391 831 4433 se
846 4392 932 4433 nove·

982 4063 1055 4122 estis
1069 4059 1210 4134 obsequio
1224 4053 1394 4128 mancipati,
1412 4052 1468 4108 suh
1484 4048 1561 4106 beati
1576 4045 1655 4104 Petri
1669 4049 1698 4103 et
1708 4048 1809 4101 nostra

983 4148 1161 4226 protectione
1177 4145 1370 4219 suscipimus,
1387 4145 1416 4199 et
1431 4137 1583 4213 prasentia
1599 4133 1701 4207 scripti
1718 4129 1809 4206 privi-

984 4236 1309 4314 legiccommnnimus;
1335 4229 1483 4306 imprimis
1507 4226 1655 4300 siquidem
1679 4225 1809 4279 statuen-

985 4335 1041 4399 tes,
1058 4334 1091 4386 ut
1109 4329 1180 4386 ordo
1208 4323 1378 4391 canonicus,
1394 4319 1444 4394 qui
1471 4316 1634 4375 secundum
1661 4313 1766 4381 Deum,
1781 4312 1812 4366 at

987 4419 1064 4478 beuti
1074 4415 1231 4491 Augustini
1243 4412 1386 4485 regulam,
1403 4414 1491 4482 atque
1506 4403 1724 4463 institutionem
1733 4404 1811 4456 Pra-

947 4487 971 4555 Β
987 4505 1250 4568 monstratenaium
1266 4504 1391 4559 iratrum
1406 4498 1436 4554 in
1447 4497 1548 4554 eodem
1558 4493 1621 4551 loeo
1632 4490 1813 4548 constitutus

188 4637 206 4651 ··
309 4638 314 4649 ·
522 4640 528 4653 ·
987 4599 1093 4660 assedi
1118 4596 1258 4664 noscitur,
1294 4590 1425 4665 erpetuis
1438 4586 1547 4644 ibidem
1561 4583 1745 4657 temporibus
1764 4578 1811 4635 in·

111 4654 218 4707 amu,
234 4639 423 4713 pommus
438 4644 530 4697 nom!
545 4658 719 4702 annonono'
987 4616 1163 4748 violabilgiter
1177 4611 1358 4742 ohservpetur.
1376 4681 1517 4738 Praterea
1528 4687 1720 4749 quascunque
1742 4684 1813 4743 pos·

486 4757 568 4816 GVH·
988 4778 1147 4847 sessiones,
1164 4788 1343 4848 quacunque
1358 4771 1435 4828 bona
1450 4768 1552 4824 eadem
1568 4761 1692 4823 ccclesia
1705 4761 1812 4834 inprae-

115 4873 161 4934 As
173 4877 276 4949 [ratres
292 4872 320 4931 S.
330 4873 716 4950 ioannisllierosolymituui.
728 4908 762 4919 -
772 4881 935 4937 immunito·
989 4867 1152 4927 sentiarum
1164 4867 1245 4937 juste
1261 4868 1290 4921 et
1302 4859 1442 4920 canonice
1457 4855 1599 4931 possidet,
1615 4855 1666 4910 aut
1677 4851 1708 4908 in
1735 4849 1816 4905 iutu-

149 4950 188 5005 tes
201 4949 241 5005 sis
256 4963 273 5003 o
286 4945 438 5003 Wtodistoo
449 4947 610 5029 marchione
629 4950 657 5004 in
686 4949 807 5007 sorceio
829 4967 936 5009 conces·
990 4976 1057 5017 rum
1073 4954 1262 5015 concessione
1274 4951 1459 5029 pcntiilcum,
1475 4945 1633 5019 largitione
1645 4955 1748 5014 regum
1771 4934 1817 4994 vel

147 5035 203 5088 sas,
220 5035 277 5075 uno
296 5034 358 5074 com
382 5021 598 5090 possessionibus
614 5022 643 5077 ia
658 5022 783 5080 Kounice
791 5030 818 5080 et
830 5023 937 5096 capello

147 5093 179 5149 s'a
193 5095 351 5150 Hrusowoa
366 5092 520 5163 coufirmat.

146 4547 254 4606 Datum
266 4552 376 4619 Roma,
392 4550 470 4623 apud
482 4550 622 4609 Sanctum
632 4552 762 4628 Petrum,
771 4572 801 4613 vs
813 4555 933 4615 iduata-

991 5047 1170 5124 principum,
1186 5042 1335 5102 oblotione
1352 5038 1496 5105 fidelium,
1512 5050 1563 5091 seu
1575 5027 1741 5104 aliisjustis
1752 5041 1817 5084 mo·

991 5138 1048 5205 dis,
1065 5114 1819 5209 prestantellominc,poteritadispiei,tirmavobis

149 5207 338 5280 (3⁰⁰01205·
356 5208 466 5280 R⁰m⁸2=
484 5225 531 5281 ap.
548 5213 578 5264 S·
596 5210 725 5276 Pellussb
740 5211 831 5284 April·
844 5212 901 5285 Ἃ)
991 5223 1156 5296 vestrisque
1171 5217 1413 5285 successoribus,
1427 5219 1456 5270 et
1471 5210 1586 5268 illibata
1610 5206 1818 5282 parmaneant.

117 5325 333 5397 fflomsa,'cod.
349 5327 461 5398 diplom.
478 5325 624 5394 suracim
641 5325 783 5383 Olcmucii
801 5328 879 5400 1836,
889 5329 937 5387 lo:
992 5312 1141 5386 inquibus
1151 5310 1209 5367 hac
1220 5307 1348 5384 propriis
1358 5303 1499 5361 duximus
1512 5297 1722 5373 experimenda
1732 5310 1818 5353 roos-

149 5401 172 5454 t.
188 5398 225 5466 ll,
242 5413 262 5525 E
286 5397 518 5455 3oextascicu10
534 5397 718 5471 eopiatarum
742 5398 938 5473 diplomatum
992 5402 1091 5459 bulis:

151 5468 181 5526 5⁰
192 5484 242 5526 ⁸¹⁸⁰
263 5441 655 5544 lvouetiteasiumPraga.1
1030 5496 1138 5546 Locum
1153 5488 1251 5562 ipsum
1268 5486 1298 5543 in
1314 5500 1371 5557 quo
1386 5480 1507 5555 praelata
1521 5477 1646 5536 ecclesia
1674 5475 1733 5535 sits
1759 5475 1817 5542 est,

151 5586 347 5645 lasccaurrus
361 5585 525 5662 episcopus,
542 5602 645 5645 servus
660 5600 811 5645 servornm
823 5584 939 5658 llei,dt·
993 5597 1062 5642 cum
1078 5578 1217 5638 omnibus
1231 5573 1413 5651 pertinentiis
1427 5569 1509 5638 suis;
1525 5566 1668 5643 capellam
1679 5566 1710 5623 in
1720 5567 1819 5623 castra
