<?xml version="1.0" encoding="UTF-8"?>
<!DOCTYPE html PUBLIC "-//W3C//DTD XHTML 1.0 Transitional//EN"
    "http://www.w3.org/TR/xhtml1/DTD/xhtml1-transitional.dtd">
<html xmlns="http://www.w3.org/1999/xhtml" xml:lang="en" lang="en">
 <head>
  <title>
</title>
<meta http-equiv="Content-Type" content="text/html;charset=utf-8" />
  <meta name='ocr-system' content='tesseract 3.04.00' />
  <meta name='ocr-capabilities' content='ocr_page ocr_carea ocr_par ocr_line ocrx_word'/>
</head>
<body>
  <div class='ocr_page' id='page_1' title='image "./patrologiaecurs27unkngoog_0561.png"; bbox 0 0 3796 5986; ppageno 0'>
   <div class='ocr_carea' id='block_1_1' title="bbox 85 204 1305 271">
    <p class='ocr_par' dir='ltr' id='par_1_1' title="bbox 85 204 1305 271">
     <span class='ocr_line' id='line_1_1' title="bbox 85 204 1305 271; baseline -0.004 -1"><span class='ocrx_word' id='word_1_1' title='bbox 85 212 156 271; x_wconf 81' lang='lat'><strong>1107</strong></span> <span class='ocrx_word' id='word_1_2' title='bbox 571 207 779 265; x_wconf 73' lang='lat' dir='ltr'><strong><em>mucosum</em></strong></span> <span class='ocrx_word' id='word_1_3' title='bbox 798 210 836 263; x_wconf 91' lang='lat' dir='ltr'><strong><em>Ill</em></strong></span> <span class='ocrx_word' id='word_1_4' title='bbox 856 208 958 264; x_wconf 74' lang='lat' dir='ltr'><strong>PAPAE</strong></span> <span class='ocrx_word' id='word_1_5' title='bbox 975 204 1164 266; x_wconf 79' lang='lat' dir='ltr'>OPUSCULA</span> <span class='ocrx_word' id='word_1_6' title='bbox 1184 211 1305 268; x_wconf 77' lang='lat' dir='ltr'><strong>DUBIA.</strong></span> 
     </span>
    </p>
   </div>
   <div class='ocr_carea' id='block_1_2' title="bbox 70 330 1722 5309">
    <p class='ocr_par' dir='ltr' id='par_1_2' title="bbox 70 330 1722 5309">
     <span class='ocr_line' id='line_1_2' title="bbox 85 330 1715 408; baseline -0.007 -11"><span class='ocrx_word' id='word_1_7' title='bbox 85 343 149 408; x_wconf 76' lang='lat' dir='ltr'><strong><em>tuae,</em></strong></span> <span class='ocrx_word' id='word_1_8' title='bbox 166 335 269 394; x_wconf 82' lang='lat' dir='ltr'><strong><em>Donioe</em></strong></span> <span class='ocrx_word' id='word_1_9' title='bbox 280 336 418 407; x_wconf 73' lang='lat' dir='ltr'><strong><em>fecerunt,</em></strong></span> <span class='ocrx_word' id='word_1_10' title='bbox 434 349 488 406; x_wconf 85' lang='lat' dir='ltr'><strong><em>me,</em></strong></span> <span class='ocrx_word' id='word_1_11' title='bbox 503 337 528 388; x_wconf 93' lang='lat' dir='ltr'><strong><em>et</em></strong></span> <span class='ocrx_word' id='word_1_12' title='bbox 546 331 757 404; x_wconf 81' lang='lat' dir='ltr'><strong><em>plasmaverunt</em></strong></span> <span class='ocrx_word' id='word_1_13' title='bbox 771 346 815 386; x_wconf 87' lang='lat' dir='ltr'><strong><em>me</em></strong></span> <span class='ocrx_word' id='word_1_14' title='bbox 838 330 907 399; x_wconf 84' lang='lat' dir='ltr'><strong><em>(iol.</em></strong></span> <span class='ocrx_word' id='word_1_15' title='bbox 924 331 1067 397; x_wconf 79' lang='lat' dir='ltr'><strong><em>Arctous</em></strong></span> <span class='ocrx_word' id='word_1_16' title='bbox 1081 333 1182 406; x_wconf 87' lang='lat' dir='ltr'><strong><em>populi</em></strong></span> <span class='ocrx_word' id='word_1_17' title='bbox 1194 334 1250 399; x_wconf 87' lang='lat' dir='ltr'><strong><em>sui,</em></strong></span> <span class='ocrx_word' id='word_1_18' title='bbox 1265 339 1294 391; x_wconf 88' lang='lat' dir='ltr'><strong><em>et</em></strong></span> <span class='ocrx_word' id='word_1_19' title='bbox 1311 349 1528 406; x_wconf 76' lang='lat' dir='ltr'><em>percussuram</em></span> <span class='ocrx_word' id='word_1_20' title='bbox 1542 331 1646 404; x_wconf 72' lang='lat' dir='ltr'><strong><em>pleps</em></strong></span> <span class='ocrx_word' id='word_1_21' title='bbox 1659 330 1715 402; x_wconf 73' lang='lat' dir='ltr'><strong><em>rius</em></strong></span> 
     </span>
     <span class='ocr_line' id='line_1_3' title="bbox 86 421 1721 502; baseline -0.006 -18"><span class='ocrx_word' id='word_1_22' title='bbox 86 428 127 502; x_wconf 86' lang='grc' dir='ltr'><strong><em>ι),</em></strong></span> <span class='ocrx_word' id='word_1_23' title='bbox 139 433 194 495; x_wconf 86' lang='lat' dir='ltr'><strong><em>etc,</em></strong></span> <span class='ocrx_word' id='word_1_24' title='bbox 966 423 1037 477; x_wconf 88' lang='lat' dir='ltr'><strong><em>uerit</em></strong></span> <span class='ocrx_word' id='word_1_25' title='bbox 1047 423 1110 489; x_wconf 81' lang='lat' dir='ltr'><strong><em>llso.</em></strong></span> <span class='ocrx_word' id='word_1_26' title='bbox 1125 427 1198 491; x_wconf 79' lang='lat' dir='ltr'><strong><em>sax).</em></strong></span> <span class='ocrx_word' id='word_1_27' title='bbox 1210 423 1334 480; x_wconf 77' lang='lat' dir='ltr'>Salubre</span> <span class='ocrx_word' id='word_1_28' title='bbox 1343 422 1517 480; x_wconf 88' lang='lat' dir='ltr'><strong><em>consilium</em></strong></span> <span class='ocrx_word' id='word_1_29' title='bbox 1536 421 1628 476; x_wconf 87' lang='lat' dir='ltr'><strong><em>dedit</em></strong></span> <span class='ocrx_word' id='word_1_30' title='bbox 1639 424 1721 490; x_wconf 61' lang='lat' dir='ltr'><strong><em>Apus*</em></strong></span> 
     </span>
     <span class='ocr_line' id='line_1_4' title="bbox 121 507 1721 588; baseline -0.008 -15"><span class='ocrx_word' id='word_1_31' title='bbox 121 516 178 588; x_wconf 85' lang='lat' dir='ltr'><strong><em>ipsi</em></strong></span> <span class='ocrx_word' id='word_1_32' title='bbox 190 513 330 586; x_wconf 82' lang='lat' dir='ltr'><strong><em>peribunt,</em></strong></span> <span class='ocrx_word' id='word_1_33' title='bbox 346 522 375 569; x_wconf 85' lang='lat' dir='ltr'><strong><em>tu</em></strong></span> <span class='ocrx_word' id='word_1_34' title='bbox 390 520 484 568; x_wconf 70' lang='lat' dir='ltr'><strong><em>caum</em></strong></span> <span class='ocrx_word' id='word_1_35' title='bbox 493 511 664 583; x_wconf 79' lang='lat' dir='ltr'><strong><em>permanebis</em></strong></span> <span class='ocrx_word' id='word_1_36' title='bbox 680 510 730 582; x_wconf 86' lang='lat' dir='ltr'><strong><em>[al.</em></strong></span> <span class='ocrx_word' id='word_1_37' title='bbox 747 507 912 581; x_wconf 78' lang='lat' dir='ltr'><strong><em>pannonesl,</em></strong></span> <span class='ocrx_word' id='word_1_38' title='bbox 967 511 1030 566; x_wconf 88' lang='lat' dir='ltr'><strong><em>Noti</em></strong></span> <span class='ocrx_word' id='word_1_39' title='bbox 1043 510 1111 583; x_wconf 87' lang='lat' dir='ltr'><strong><em>plus</em></strong></span> <span class='ocrx_word' id='word_1_40' title='bbox 1122 528 1225 582; x_wconf 86' lang='lat' dir='ltr'><strong><em>sapere,</em></strong></span> <span class='ocrx_word' id='word_1_41' title='bbox 1238 529 1320 584; x_wconf 84' lang='lat' dir='ltr'><strong><em>quom</em></strong></span> <span class='ocrx_word' id='word_1_42' title='bbox 1349 516 1458 582; x_wconf 79' lang='lat' dir='ltr'><em>oportet</em></span> <span class='ocrx_word' id='word_1_43' title='bbox 1473 521 1598 582; x_wconf 83' lang='lat' dir='ltr'><strong><em>sapere,</em></strong></span> <span class='ocrx_word' id='word_1_44' title='bbox 1619 507 1668 563; x_wconf 85' lang='lat' dir='ltr'><strong><em>sed</em></strong></span> <span class='ocrx_word' id='word_1_45' title='bbox 1681 525 1721 578; x_wconf 80' lang='lat' dir='ltr'><strong><em>sup</em></strong></span> 
     </span>
     <span class='ocr_line' id='line_1_5' title="bbox 87 599 1721 674; baseline -0.009 -12"><span class='ocrx_word' id='word_1_46' title='bbox 87 610 264 663; x_wconf 84' lang='lat' dir='ltr'><strong><em>etomnesut</em></strong></span> <span class='ocrx_word' id='word_1_47' title='bbox 290 601 436 674; x_wconf 82' lang='lat' dir='ltr'><strong><em>[clsicut]</em></strong></span> <span class='ocrx_word' id='word_1_48' title='bbox 466 603 659 656; x_wconf 86' lang='lat' dir='ltr'><strong><em>vestimentum</em></strong></span> <span class='ocrx_word' id='word_1_49' title='bbox 687 605 864 656; x_wconf 80' lang='lat' dir='ltr'><strong><em>veterescent.</em></strong></span> <span class='ocrx_word' id='word_1_50' title='bbox 881 604 915 655; x_wconf 76' lang='lat' dir='ltr'><strong><em>nt</em></strong></span> <span class='ocrx_word' id='word_1_51' title='bbox 967 601 1141 658; x_wconf 78' lang='lat' dir='ltr'><strong><em>sobrictatem</em></strong></span> <span class='ocrx_word' id='word_1_52' title='bbox 1159 602 1246 673; x_wconf 79' lang='lat' dir='ltr'><strong><em>(Rom.</em></strong></span> <span class='ocrx_word' id='word_1_53' title='bbox 1263 602 1317 673; x_wconf 86' lang='grc' dir='ltr'>ιιι)</span> <span class='ocrx_word' id='word_1_54' title='bbox 1334 600 1502 670; x_wconf 87' lang='lat' dir='ltr'><strong><em>;etalins:</em></strong></span> <span class='ocrx_word' id='word_1_55' title='bbox 1527 599 1721 654; x_wconf 76' lang='lat' dir='ltr'><strong><em>Altioroten.</em></strong></span> 
     </span>
     <span class='ocr_line' id='line_1_6' title="bbox 86 688 1721 764; baseline -0.007 -13"><span class='ocrx_word' id='word_1_56' title='bbox 86 695 157 751; x_wconf 77' lang='lat' dir='ltr'><strong><em>sicin</em></strong></span> <span class='ocrx_word' id='word_1_57' title='bbox 171 695 340 764; x_wconf 87' lang='lat' dir='ltr'><strong><em>opertorium</em></strong></span> <span class='ocrx_word' id='word_1_58' title='bbox 364 690 484 746; x_wconf 82' lang='lat' dir='ltr'><strong><em>merciis</em></strong></span> <span class='ocrx_word' id='word_1_59' title='bbox 499 706 552 757; x_wconf 91' lang='lat' dir='ltr'><strong><em>eos,</em></strong></span> <span class='ocrx_word' id='word_1_60' title='bbox 576 698 601 745; x_wconf 91' lang='lat' dir='ltr'><strong><em>et</em></strong></span> <span class='ocrx_word' id='word_1_61' title='bbox 615 689 806 745; x_wconf 80' lang='lat' dir='ltr'><strong><em>mutabuntur.</em></strong></span> <span class='ocrx_word' id='word_1_62' title='bbox 968 692 1060 758; x_wconf 78' lang='lat' dir='ltr'><strong><em>cieris,</em></strong></span> <span class='ocrx_word' id='word_1_63' title='bbox 1075 700 1101 747; x_wconf 90' lang='lat' dir='ltr'><strong><em>et</em></strong></span> <span class='ocrx_word' id='word_1_64' title='bbox 1123 693 1231 761; x_wconf 75' lang='lat' dir='ltr'><strong><em>truciore</em></strong></span> <span class='ocrx_word' id='word_1_65' title='bbox 1260 699 1283 746; x_wconf 92' lang='lat' dir='ltr'><strong><em>te</em></strong></span> <span class='ocrx_word' id='word_1_66' title='bbox 1305 706 1341 745; x_wconf 82' lang='lat' dir='ltr'><strong><em>ne</em></strong></span> <span class='ocrx_word' id='word_1_67' title='bbox 1355 691 1447 762; x_wconf 72' lang='lat' dir='ltr'><strong><em>locris</em></strong></span> <span class='ocrx_word' id='word_1_68' title='bbox 1471 692 1639 746; x_wconf 68' lang='lat' dir='ltr'><strong><em>emutatus</em></strong></span> <span class='ocrx_word' id='word_1_69' title='bbox 1670 688 1721 757; x_wconf 84' lang='lat' dir='ltr'><strong><em>(lin</em></strong></span> 
     </span>
     <span class='ocr_line' id='line_1_7' title="bbox 123 776 1716 854; baseline -0.005 -16"><span class='ocrx_word' id='word_1_70' title='bbox 123 776 913 854; x_wconf 79' lang='lat' dir='ltr'><strong><em>euperhouscripturaeeivinaenonsolumvaria,sed</em></strong></span> <span class='ocrx_word' id='word_1_71' title='bbox 968 780 1039 852; x_wconf 90' lang='lat' dir='ltr'><strong><em>quia</em></strong></span> <span class='ocrx_word' id='word_1_72' title='bbox 1066 780 1224 852; x_wconf 70' lang='lat' dir='ltr'><strong><em>defecerunt</em></strong></span> <span class='ocrx_word' id='word_1_73' title='bbox 1250 783 1405 835; x_wconf 72' lang='lat' dir='ltr'><strong><em>scrutantes</em></strong></span> <span class='ocrx_word' id='word_1_74' title='bbox 1440 777 1600 835; x_wconf 82' lang='lat' dir='ltr'><strong><em>scrutinio</em></strong></span> <span class='ocrx_word' id='word_1_75' title='bbox 1632 776 1716 845; x_wconf 81' lang='lat' dir='ltr'><strong><em>(Psoi.</em></strong></span> 
     </span>
     <span class='ocr_line' id='line_1_8' title="bbox 88 865 1707 941; baseline -0.006 -12"><span class='ocrx_word' id='word_1_76' title='bbox 88 877 118 930; x_wconf 86' lang='lat' dir='ltr'><strong><em>el</em></strong></span> <span class='ocrx_word' id='word_1_77' title='bbox 133 871 279 928; x_wconf 85' lang='lat' dir='ltr'><strong><em>contraria</em></strong></span> <span class='ocrx_word' id='word_1_78' title='bbox 298 870 435 925; x_wconf 88' lang='lat' dir='ltr'><strong><em>videntur</em></strong></span> <span class='ocrx_word' id='word_1_79' title='bbox 463 868 632 923; x_wconf 87' lang='lat' dir='ltr'><strong><em>testimonia</em></strong></span> <span class='ocrx_word' id='word_1_80' title='bbox 662 865 914 940; x_wconf 54' lang='lat' dir='ltr'><strong><em>pertudeseqllcce</em></strong></span> <span class='ocrx_word' id='word_1_81' title='bbox 969 868 1042 934; x_wconf 83' lang='lat' dir='ltr'><strong><em>Ouid</em></strong></span> <span class='ocrx_word' id='word_1_82' title='bbox 1057 871 1134 925; x_wconf 89' lang='lat' dir='ltr'><strong><em>enim</em></strong></span> <span class='ocrx_word' id='word_1_83' title='bbox 1151 868 1249 925; x_wconf 80' lang='lat' dir='ltr'><strong><em>saculi</em></strong></span> <span class='ocrx_word' id='word_1_84' title='bbox 1267 867 1417 941; x_wconf 71' lang='lat' dir='ltr'><strong><em>precessit</em></strong></span> <span class='ocrx_word' id='word_1_85' title='bbox 1433 867 1622 936; x_wconf 82' lang='lat' dir='ltr'><strong><em>initium,et</em></strong></span> <span class='ocrx_word' id='word_1_86' title='bbox 1637 865 1707 936; x_wconf 90' lang='lat' dir='ltr'><strong><em>quid</em></strong></span> 
     </span>
     <span class='ocr_line' id='line_1_9' title="bbox 88 955 1721 1030; baseline -0.007 -11"><span class='ocrx_word' id='word_1_87' title='bbox 88 960 167 1020; x_wconf 86' lang='lat' dir='ltr'><strong><em>enim</em></strong></span> <span class='ocrx_word' id='word_1_88' title='bbox 182 960 340 1016; x_wconf 75' lang='lat' dir='ltr'><strong><em>psalmista</em></strong></span> <span class='ocrx_word' id='word_1_89' title='bbox 357 962 491 1021; x_wconf 80' lang='lat' dir='ltr'><strong><em>testatur,</em></strong></span> <span class='ocrx_word' id='word_1_90' title='bbox 502 960 577 1028; x_wconf 63' lang='lat' dir='ltr'><strong><em>quczl</em></strong></span> <span class='ocrx_word' id='word_1_91' title='bbox 590 956 652 1011; x_wconf 83' lang='lat' dir='ltr'><strong><em>curli</em></strong></span> <span class='ocrx_word' id='word_1_92' title='bbox 661 956 802 1026; x_wconf 82' lang='lat' dir='ltr'><strong><em>peribunt,</em></strong></span> <span class='ocrx_word' id='word_1_93' title='bbox 821 959 846 1010; x_wconf 92' lang='lat' dir='ltr'><strong><em>et</em></strong></span> <span class='ocrx_word' id='word_1_94' title='bbox 857 972 915 1011; x_wconf 92' lang='lat' dir='ltr'><strong><em>om·</em></strong></span> <span class='ocrx_word' id='word_1_95' title='bbox 969 959 1056 1013; x_wconf 85' lang='lat' dir='ltr'><strong><em>linem</em></strong></span> <span class='ocrx_word' id='word_1_96' title='bbox 1070 965 1222 1030; x_wconf 78' lang='lat' dir='ltr'><strong><em>sequatur,</em></strong></span> <span class='ocrx_word' id='word_1_97' title='bbox 1238 958 1332 1013; x_wconf 88' lang='lat' dir='ltr'><strong><em>velata</em></strong></span> <span class='ocrx_word' id='word_1_98' title='bbox 1343 965 1411 1013; x_wconf 85' lang='lat' dir='ltr'><strong><em>sunl</em></strong></span> <span class='ocrx_word' id='word_1_99' title='bbox 1429 956 1546 1012; x_wconf 89' lang='lat' dir='ltr'><strong><em>nobis:</em></strong></span> <span class='ocrx_word' id='word_1_100' title='bbox 1564 955 1672 1012; x_wconf 88' lang='lat' dir='ltr'><strong><em>media</em></strong></span> <span class='ocrx_word' id='word_1_101' title='bbox 1683 971 1721 1010; x_wconf 80' lang='lat' dir='ltr'><strong><em>rer</em></strong></span> 
     </span>
     <span class='ocr_line' id='line_1_10' title="bbox 87 1045 1721 1119; baseline -0.006 -10"><span class='ocrx_word' id='word_1_102' title='bbox 87 1068 135 1109; x_wconf 88' lang='lat' dir='ltr'><strong><em>aes</em></strong></span> <span class='ocrx_word' id='word_1_103' title='bbox 150 1054 179 1106; x_wconf 84' lang='lat' dir='ltr'><strong><em>at</em></strong></span> <span class='ocrx_word' id='word_1_104' title='bbox 193 1051 382 1106; x_wconf 84' lang='lat' dir='ltr'><strong><em>uestimentum</em></strong></span> <span class='ocrx_word' id='word_1_105' title='bbox 397 1055 575 1103; x_wconf 85' lang='lat' dir='ltr'><strong><em>veterescent.</em></strong></span> <span class='ocrx_word' id='word_1_106' title='bbox 589 1045 662 1101; x_wconf 89' lang='lat' dir='ltr'><strong><em>Huic</em></strong></span> <span class='ocrx_word' id='word_1_107' title='bbox 690 1049 834 1101; x_wconf 84' lang='lat' dir='ltr'><strong><em>consonat</em></strong></span> <span class='ocrx_word' id='word_1_108' title='bbox 862 1045 914 1101; x_wconf 85' lang='lat' dir='ltr'><strong><em>Pe·</em></strong></span> <span class='ocrx_word' id='word_1_109' title='bbox 970 1047 1136 1118; x_wconf 83' lang='lat' dir='ltr'><strong><em>manifesta,</em></strong></span> <span class='ocrx_word' id='word_1_110' title='bbox 1150 1048 1226 1119; x_wconf 89' lang='lat' dir='ltr'><strong><em>quod</em></strong></span> <span class='ocrx_word' id='word_1_111' title='bbox 1239 1048 1268 1101; x_wconf 93' lang='lat' dir='ltr'><strong><em>in</em></strong></span> <span class='ocrx_word' id='word_1_112' title='bbox 1281 1047 1397 1102; x_wconf 89' lang='lat' dir='ltr'><strong><em>duobus</em></strong></span> <span class='ocrx_word' id='word_1_113' title='bbox 1407 1046 1573 1119; x_wconf 83' lang='lat' dir='ltr'><strong><em>Seraphin</em></strong></span> <span class='ocrx_word' id='word_1_114' title='bbox 1587 1049 1638 1100; x_wconf 83' lang='lat' dir='ltr'><strong><em>est</em></strong></span> <span class='ocrx_word' id='word_1_115' title='bbox 1648 1060 1721 1117; x_wconf 61' lang='lat' dir='ltr'><strong><em>egros</em></strong></span> 
     </span>
     <span class='ocr_line' id='line_1_11' title="bbox 89 1134 1721 1212; baseline -0.006 -14"><span class='ocrx_word' id='word_1_116' title='bbox 89 1145 154 1198; x_wconf 84' lang='lat' dir='ltr'><strong><em>irus</em></strong></span> <span class='ocrx_word' id='word_1_117' title='bbox 169 1138 331 1212; x_wconf 82' lang='lat' dir='ltr'><strong><em>apostolus,</em></strong></span> <span class='ocrx_word' id='word_1_118' title='bbox 355 1137 455 1193; x_wconf 87' lang='lat' dir='ltr'><strong><em>dicens</em></strong></span> <span class='ocrx_word' id='word_1_119' title='bbox 469 1153 475 1191; x_wconf 92' lang='lat'>:</span> <span class='ocrx_word' id='word_1_120' title='bbox 491 1136 620 1192; x_wconf 78' lang='lat' dir='ltr'><strong><em>Adueniet</em></strong></span> <span class='ocrx_word' id='word_1_121' title='bbox 641 1135 697 1190; x_wconf 85' lang='lat' dir='ltr'><strong><em>dies</em></strong></span> <span class='ocrx_word' id='word_1_122' title='bbox 720 1134 830 1190; x_wconf 83' lang='lat' dir='ltr'><strong><em>Domini</em></strong></span> <span class='ocrx_word' id='word_1_123' title='bbox 842 1136 917 1191; x_wconf 80' lang='lat' dir='ltr'><strong><em>sicut</em></strong></span> <span class='ocrx_word' id='word_1_124' title='bbox 970 1136 1131 1209; x_wconf 84' lang='lat' dir='ltr'><strong><em>signatum,</em></strong></span> <span class='ocrx_word' id='word_1_125' title='bbox 1147 1137 1195 1206; x_wconf 92' lang='lat' dir='ltr'><strong><em>qui</em></strong></span> <span class='ocrx_word' id='word_1_126' title='bbox 1211 1136 1317 1192; x_wconf 81' lang='lat' dir='ltr'><strong><em>duobus</em></strong></span> <span class='ocrx_word' id='word_1_127' title='bbox 1330 1136 1385 1192; x_wconf 90' lang='lat' dir='ltr'><strong><em>olis</em></strong></span> <span class='ocrx_word' id='word_1_128' title='bbox 1412 1136 1561 1191; x_wconf 80' lang='lat' dir='ltr'><strong><em>velabant</em></strong></span> <span class='ocrx_word' id='word_1_129' title='bbox 1581 1134 1721 1202; x_wconf 57' lang='lat' dir='ltr'><strong><em>Dominis</em></strong></span> 
     </span>
     <span class='ocr_line' id='line_1_12' title="bbox 88 1224 1721 1306; baseline -0.004 -21"><span class='ocrx_word' id='word_1_130' title='bbox 88 1231 149 1306; x_wconf 70' lang='lat' dir='ltr'><strong><em>par,</em></strong></span> <span class='ocrx_word' id='word_1_131' title='bbox 164 1224 716 1300; x_wconf 82' lang='lat' dir='ltr'><strong><em>inquoeoelimopnoimpctutransibant</em></strong></span> <span class='ocrx_word' id='word_1_132' title='bbox 730 1225 765 1295; x_wconf 93' lang='lat' dir='ltr'><strong><em>(ll</em></strong></span> <span class='ocrx_word' id='word_1_133' title='bbox 775 1228 849 1280; x_wconf 82' lang='lat' dir='ltr'><strong><em>Pete.</em></strong></span> <span class='ocrx_word' id='word_1_134' title='bbox 860 1225 915 1295; x_wconf 89' lang='grc' dir='ltr'>ιιι),</span> <span class='ocrx_word' id='word_1_135' title='bbox 969 1230 996 1282; x_wconf 89' lang='lat' dir='ltr'><strong><em>et</em></strong></span> <span class='ocrx_word' id='word_1_136' title='bbox 1010 1226 1116 1282; x_wconf 78' lang='lat' dir='ltr'><strong><em>eunom</em></strong></span> <span class='ocrx_word' id='word_1_137' title='bbox 1132 1225 1261 1282; x_wconf 82' lang='lat' dir='ltr'><strong><em>uetabant</em></strong></span> <span class='ocrx_word' id='word_1_138' title='bbox 1274 1226 1353 1297; x_wconf 85' lang='lat' dir='ltr'><strong><em>pedes</em></strong></span> <span class='ocrx_word' id='word_1_139' title='bbox 1378 1225 1483 1298; x_wconf 87' lang='lat' dir='ltr'><strong><em>ipsius,</em></strong></span> <span class='ocrx_word' id='word_1_140' title='bbox 1501 1228 1537 1280; x_wconf 88' lang='lat' dir='ltr'><strong><em>et</em></strong></span> <span class='ocrx_word' id='word_1_141' title='bbox 1553 1224 1674 1280; x_wconf 76' lang='lat' dir='ltr'><strong><em>ductam</em></strong></span> <span class='ocrx_word' id='word_1_142' title='bbox 1703 1240 1721 1278; x_wconf 82' lang='lat' dir='ltr'><strong><em>n</em></strong></span> 
     </span>
     <span class='ocr_line' id='line_1_13' title="bbox 91 1312 1721 1390; baseline -0.006 -14"><span class='ocrx_word' id='word_1_143' title='bbox 91 1319 232 1390; x_wconf 84' lang='lat' dir='ltr'><strong><em>Idemque</em></strong></span> <span class='ocrx_word' id='word_1_144' title='bbox 245 1318 281 1374; x_wconf 92' lang='lat' dir='ltr'><strong><em>de</em></strong></span> <span class='ocrx_word' id='word_1_145' title='bbox 296 1316 368 1372; x_wconf 85' lang='lat' dir='ltr'><strong><em>coelc</em></strong></span> <span class='ocrx_word' id='word_1_146' title='bbox 380 1318 408 1371; x_wconf 86' lang='lat' dir='ltr'><strong><em>el</em></strong></span> <span class='ocrx_word' id='word_1_147' title='bbox 435 1320 514 1370; x_wconf 87' lang='lat' dir='ltr'><strong><em>terra</em></strong></span> <span class='ocrx_word' id='word_1_148' title='bbox 540 1318 677 1381; x_wconf 83' lang='lat' dir='ltr'><strong><em>testatur,</em></strong></span> <span class='ocrx_word' id='word_1_149' title='bbox 695 1314 771 1385; x_wconf 90' lang='lat' dir='ltr'><strong><em>quod</em></strong></span> <span class='ocrx_word' id='word_1_150' title='bbox 788 1312 850 1370; x_wconf 84' lang='lat' dir='ltr'><strong><em>coeli</em></strong></span> <span class='ocrx_word' id='word_1_151' title='bbox 869 1314 918 1385; x_wconf 86' lang='lat' dir='ltr'><strong><em>qai</em></strong></span> <span class='ocrx_word' id='word_1_152' title='bbox 971 1316 1035 1387; x_wconf 81' lang='lat' dir='ltr'><strong><em>(iso.</em></strong></span> <span class='ocrx_word' id='word_1_153' title='bbox 1048 1317 1097 1386; x_wconf 83' lang='lat' dir='ltr'><strong><em>vr).</em></strong></span> <span class='ocrx_word' id='word_1_154' title='bbox 1114 1316 1191 1372; x_wconf 87' lang='lat' dir='ltr'><strong><em>Sans</em></strong></span> <span class='ocrx_word' id='word_1_155' title='bbox 1207 1331 1274 1371; x_wconf 88' lang='lat' dir='ltr'><strong><em>vcro</em></strong></span> <span class='ocrx_word' id='word_1_156' title='bbox 1290 1319 1385 1387; x_wconf 85' lang='lat' dir='ltr'><strong><em>potest</em></strong></span> <span class='ocrx_word' id='word_1_157' title='bbox 1399 1312 1552 1387; x_wconf 81' lang='lat' dir='ltr'><strong><em>intelligi,</em></strong></span> <span class='ocrx_word' id='word_1_158' title='bbox 1573 1313 1661 1386; x_wconf 91' lang='lat' dir='ltr'><strong><em>quod</em></strong></span> <span class='ocrx_word' id='word_1_159' title='bbox 1679 1328 1721 1368; x_wconf 83' lang='lat' dir='ltr'><strong><em>cur</em></strong></span> 
     </span>
     <span class='ocr_line' id='line_1_14' title="bbox 90 1402 1721 1477; baseline -0.006 -12"><span class='ocrx_word' id='word_1_160' title='bbox 90 1424 164 1465; x_wconf 85' lang='lat' dir='ltr'><strong><em>aune</em></strong></span> <span class='ocrx_word' id='word_1_161' title='bbox 178 1416 253 1477; x_wconf 84' lang='lat' dir='ltr'><strong><em>tuat,</em></strong></span> <span class='ocrx_word' id='word_1_162' title='bbox 268 1413 295 1462; x_wconf 89' lang='lat' dir='ltr'><strong><em>et</em></strong></span> <span class='ocrx_word' id='word_1_163' title='bbox 318 1412 405 1475; x_wconf 85' lang='lat' dir='ltr'><strong><em>terro,</em></strong></span> <span class='ocrx_word' id='word_1_164' title='bbox 430 1403 521 1460; x_wconf 83' lang='lat' dir='ltr'><strong><em>eodem</em></strong></span> <span class='ocrx_word' id='word_1_165' title='bbox 532 1403 611 1458; x_wconf 86' lang='lat' dir='ltr'><strong><em>oeric</em></strong></span> <span class='ocrx_word' id='word_1_166' title='bbox 638 1403 753 1474; x_wconf 79' lang='lat' dir='ltr'><strong><em>repositi</em></strong></span> <span class='ocrx_word' id='word_1_167' title='bbox 765 1411 840 1472; x_wconf 83' lang='lat' dir='ltr'><strong><em>suat,</em></strong></span> <span class='ocrx_word' id='word_1_168' title='bbox 857 1402 919 1472; x_wconf 80' lang='lat' dir='ltr'><strong><em>ipni</em></strong></span> <span class='ocrx_word' id='word_1_169' title='bbox 971 1410 1038 1460; x_wconf 91' lang='lat' dir='ltr'><strong><em>tur:</em></strong></span> <span class='ocrx_word' id='word_1_170' title='bbox 1055 1403 1110 1476; x_wconf 90' lang='lat' dir='ltr'><strong><em>lpsi</em></strong></span> <span class='ocrx_word' id='word_1_171' title='bbox 1123 1403 1266 1475; x_wconf 81' lang='lat' dir='ltr'><strong><em>peribunt,</em></strong></span> <span class='ocrx_word' id='word_1_172' title='bbox 1283 1405 1404 1460; x_wconf 87' lang='lat' dir='ltr'><strong><em>verbum</em></strong></span> <span class='ocrx_word' id='word_1_173' title='bbox 1421 1420 1485 1459; x_wconf 90' lang='lat' dir='ltr'><strong><em>non</em></strong></span> <span class='ocrx_word' id='word_1_174' title='bbox 1497 1407 1632 1471; x_wconf 82' lang='lat' dir='ltr'><strong><em>actum,</em></strong></span> <span class='ocrx_word' id='word_1_175' title='bbox 1649 1403 1721 1458; x_wconf 78' lang='lat' dir='ltr'><strong><em>sedi</em></strong></span> 
     </span>
     <span class='ocr_line' id='line_1_15' title="bbox 91 1489 1721 1566; baseline -0.007 -12"><span class='ocrx_word' id='word_1_176' title='bbox 91 1498 195 1554; x_wconf 84' lang='lat' dir='ltr'><strong><em>structi</em></strong></span> <span class='ocrx_word' id='word_1_177' title='bbox 209 1496 241 1552; x_wconf 86' lang='lat' dir='ltr'><strong><em>in</em></strong></span> <span class='ocrx_word' id='word_1_178' title='bbox 254 1495 327 1551; x_wconf 88' lang='lat' dir='ltr'><strong><em>diem</em></strong></span> <span class='ocrx_word' id='word_1_179' title='bbox 342 1493 441 1564; x_wconf 81' lang='lat' dir='ltr'><strong><em>iudicii</em></strong></span> <span class='ocrx_word' id='word_1_180' title='bbox 455 1491 569 1565; x_wconf 68' lang='lat' dir='ltr'><strong><em>(iiim).</em></strong></span> <span class='ocrx_word' id='word_1_181' title='bbox 586 1491 700 1547; x_wconf 86' lang='lat' dir='ltr'><strong><em>Veritas</em></strong></span> <span class='ocrx_word' id='word_1_182' title='bbox 716 1507 831 1564; x_wconf 89' lang='lat' dir='ltr'><strong><em>quoque</em></strong></span> <span class='ocrx_word' id='word_1_183' title='bbox 847 1489 919 1546; x_wconf 90' lang='lat' dir='ltr'><strong><em>dicit</em></strong></span> <span class='ocrx_word' id='word_1_184' title='bbox 971 1493 1069 1548; x_wconf 91' lang='lat' dir='ltr'><strong><em>dinem</em></strong></span> <span class='ocrx_word' id='word_1_185' title='bbox 1087 1498 1169 1549; x_wconf 87' lang='lat' dir='ltr'><strong><em>notat</em></strong></span> <span class='ocrx_word' id='word_1_186' title='bbox 1179 1509 1185 1548; x_wconf 92' lang='lat'>:</span> <span class='ocrx_word' id='word_1_187' title='bbox 1196 1493 1352 1566; x_wconf 89' lang='lat' dir='ltr'><strong><em>quiaqucd</em></strong></span> <span class='ocrx_word' id='word_1_188' title='bbox 1363 1492 1398 1548; x_wconf 89' lang='lat' dir='ltr'><strong><em>de</em></strong></span> <span class='ocrx_word' id='word_1_189' title='bbox 1415 1491 1517 1548; x_wconf 85' lang='lat' dir='ltr'><strong>nihilo</strong></span> <span class='ocrx_word' id='word_1_190' title='bbox 1530 1493 1721 1548; x_wconf 80' lang='lat' dir='ltr'><strong><em>factumest</em></strong></span> 
     </span>
     <span class='ocr_line' id='line_1_16' title="bbox 91 1580 1721 1657; baseline -0.005 -15"><span class='ocrx_word' id='word_1_191' title='bbox 91 1585 123 1643; x_wconf 89' lang='lat' dir='ltr'><strong><em>lu</em></strong></span> <span class='ocrx_word' id='word_1_192' title='bbox 139 1583 313 1657; x_wconf 78' lang='lat' dir='ltr'><strong><em>Evangelio:</em></strong></span> <span class='ocrx_word' id='word_1_193' title='bbox 331 1582 433 1639; x_wconf 73' lang='lat' dir='ltr'><strong><em>Cretum</em></strong></span> <span class='ocrx_word' id='word_1_194' title='bbox 447 1585 473 1638; x_wconf 87' lang='lat' dir='ltr'><strong><em>et</em></strong></span> <span class='ocrx_word' id='word_1_195' title='bbox 487 1590 564 1637; x_wconf 85' lang='lat' dir='ltr'><strong><em>terra</em></strong></span> <span class='ocrx_word' id='word_1_196' title='bbox 581 1581 749 1648; x_wconf 68' lang='lat' dir='ltr'><strong><em>transiliunt,</em></strong></span> <span class='ocrx_word' id='word_1_197' title='bbox 766 1580 847 1636; x_wconf 84' lang='lat' dir='ltr'><strong><em>ceria</em></strong></span> <span class='ocrx_word' id='word_1_198' title='bbox 862 1596 915 1634; x_wconf 88' lang='lat' dir='ltr'><strong><em>cu·</em></strong></span> <span class='ocrx_word' id='word_1_199' title='bbox 971 1580 1448 1653; x_wconf 87' lang='lat' dir='ltr'><strong><em>rnliterredirepossetinnihilum</em></strong></span> <span class='ocrx_word' id='word_1_200' title='bbox 1461 1581 1534 1636; x_wconf 89' lang='lat' dir='ltr'><strong><em>:sed</em></strong></span> <span class='ocrx_word' id='word_1_201' title='bbox 1546 1580 1721 1653; x_wconf 83' lang='lat' dir='ltr'><strong><em>quadamer</em></strong></span> 
     </span>
     <span class='ocr_line' id='line_1_17' title="bbox 93 1661 1721 1754; baseline -0.007 -21"><span class='ocrx_word' id='word_1_202' title='bbox 93 1661 147 1734; x_wconf 88' lang='lat' dir='ltr'><strong><em>tem</em></strong></span> <span class='ocrx_word' id='word_1_203' title='bbox 161 1691 222 1731; x_wconf 90' lang='lat' dir='ltr'><strong><em>meo</em></strong></span> <span class='ocrx_word' id='word_1_204' title='bbox 236 1689 292 1730; x_wconf 86' lang='lat' dir='ltr'><strong><em>non</em></strong></span> <span class='ocrx_word' id='word_1_205' title='bbox 302 1671 460 1728; x_wconf 79' lang='lat' dir='ltr'><strong><em>transitum</em></strong></span> <span class='ocrx_word' id='word_1_206' title='bbox 473 1674 548 1739; x_wconf 84' lang='lat' dir='ltr'><strong><em>(Luc.</em></strong></span> <span class='ocrx_word' id='word_1_207' title='bbox 565 1673 634 1738; x_wconf 81' lang='lat' dir='ltr'><strong><em>xxi).</em></strong></span> <span class='ocrx_word' id='word_1_208' title='bbox 649 1671 834 1725; x_wconf 87' lang='lat' dir='ltr'><strong><em>Contrarium</em></strong></span> <span class='ocrx_word' id='word_1_209' title='bbox 850 1685 917 1724; x_wconf 87' lang='lat' dir='ltr'><strong><em>vero</em></strong></span> <span class='ocrx_word' id='word_1_210' title='bbox 932 1689 955 1754; x_wconf 76' lang='lat' dir='ltr'>B</span> <span class='ocrx_word' id='word_1_211' title='bbox 971 1670 1452 1744; x_wconf 84' lang='lat' dir='ltr'><strong><em>perpetuoconservabuntur‚cum</em></strong></span> <span class='ocrx_word' id='word_1_212' title='bbox 1462 1670 1721 1742; x_wconf 71' lang='lat' dir='ltr'><strong><em>etdeangelissci</em></strong></span> 
     </span>
     <span class='ocr_line' id='line_1_18' title="bbox 92 1759 1721 1832; baseline -0.004 -12"><span class='ocrx_word' id='word_1_213' title='bbox 92 1764 210 1821; x_wconf 83' lang='lat' dir='ltr'><strong><em>videtur</em></strong></span> <span class='ocrx_word' id='word_1_214' title='bbox 224 1763 302 1818; x_wconf 86' lang='lat' dir='ltr'><strong><em>idem</em></strong></span> <span class='ocrx_word' id='word_1_215' title='bbox 323 1760 481 1817; x_wconf 75' lang='lat' dir='ltr'><strong><em>psalmista</em></strong></span> <span class='ocrx_word' id='word_1_216' title='bbox 496 1759 663 1828; x_wconf 81' lang='lat' dir='ltr'><strong><em>dixisse‚qni</em></strong></span> <span class='ocrx_word' id='word_1_217' title='bbox 680 1775 746 1814; x_wconf 91' lang='lat' dir='ltr'><strong><em>curn</em></strong></span> <span class='ocrx_word' id='word_1_218' title='bbox 760 1759 917 1830; x_wconf 86' lang='lat' dir='ltr'><strong><em>pramiais·</em></strong></span> <span class='ocrx_word' id='word_1_219' title='bbox 972 1760 1227 1832; x_wconf 85' lang='lat' dir='ltr'><strong><em>sitquoniamqoi</em></strong></span> <span class='ocrx_word' id='word_1_220' title='bbox 1255 1761 1421 1816; x_wconf 84' lang='lat' dir='ltr'><strong><em>eiseroiunt</em></strong></span> <span class='ocrx_word' id='word_1_221' title='bbox 1445 1775 1506 1814; x_wconf 84' lang='lat' dir='ltr'><strong><em>non</em></strong></span> <span class='ocrx_word' id='word_1_222' title='bbox 1526 1759 1721 1815; x_wconf 70' lang='lat' dir='ltr'><strong><em>suntstciite</em></strong></span> 
     </span>
     <span class='ocr_line' id='line_1_19' title="bbox 93 1848 1721 1923; baseline -0.004 -13"><span class='ocrx_word' id='word_1_223' title='bbox 93 1857 140 1910; x_wconf 87' lang='lat' dir='ltr'><strong><em>sel</em></strong></span> <span class='ocrx_word' id='word_1_224' title='bbox 167 1854 196 1909; x_wconf 91' lang='lat' dir='ltr'><strong><em>iu</em></strong></span> <span class='ocrx_word' id='word_1_225' title='bbox 212 1851 327 1923; x_wconf 87' lang='lat' dir='ltr'><strong><em>psalmo</em></strong></span> <span class='ocrx_word' id='word_1_226' title='bbox 343 1867 350 1905; x_wconf 75' lang='grc' dir='ltr'>ε</span> <span class='ocrx_word' id='word_1_227' title='bbox 368 1849 489 1905; x_wconf 77' lang='lat' dir='ltr'><strong><em>lundene</em></strong></span> <span class='ocrx_word' id='word_1_228' title='bbox 503 1865 564 1905; x_wconf 87' lang='lat' dir='ltr'><strong><em>eum</em></strong></span> <span class='ocrx_word' id='word_1_229' title='bbox 576 1848 789 1911; x_wconf 81' lang='lat' dir='ltr'><strong><em>coeticoelorum,</em></strong></span> <span class='ocrx_word' id='word_1_230' title='bbox 800 1855 825 1905; x_wconf 85' lang='lat' dir='ltr'><strong><em>et</em></strong></span> <span class='ocrx_word' id='word_1_231' title='bbox 836 1862 917 1920; x_wconf 80' lang='lat' dir='ltr'><strong><em>cqaae</em></strong></span> <span class='ocrx_word' id='word_1_232' title='bbox 973 1867 1011 1918; x_wconf 90' lang='grc' dir='ltr'><strong><em>ιν,</em></strong></span> <span class='ocrx_word' id='word_1_233' title='bbox 1029 1851 1106 1920; x_wconf 91' lang='lat' dir='ltr'><strong><em>quod</em></strong></span> <span class='ocrx_word' id='word_1_234' title='bbox 1124 1848 1225 1921; x_wconf 87' lang='lat' dir='ltr'><strong><em>utique</em></strong></span> <span class='ocrx_word' id='word_1_235' title='bbox 1237 1848 1423 1905; x_wconf 81' lang='lat' dir='ltr'><strong><em>referendum</em></strong></span> <span class='ocrx_word' id='word_1_236' title='bbox 1439 1853 1489 1903; x_wconf 87' lang='lat' dir='ltr'><strong><em>eet</em></strong></span> <span class='ocrx_word' id='word_1_237' title='bbox 1522 1848 1566 1904; x_wconf 85' lang='lat' dir='ltr'><strong><em>ad</em></strong></span> <span class='ocrx_word' id='word_1_238' title='bbox 1587 1853 1721 1904; x_wconf 83' lang='lat' dir='ltr'><strong><em>naturas</em></strong></span> 
     </span>
     <span class='ocr_line' id='line_1_20' title="bbox 70 1935 1721 2015; baseline -0.004 -17"><span class='ocrx_word' id='word_1_239' title='bbox 70 1980 73 1986; x_wconf 77' lang='lat'><em>‚</em></span> <span class='ocrx_word' id='word_1_240' title='bbox 93 1958 155 2015; x_wconf 83' lang='lat' dir='ltr'><strong><em>quae</em></strong></span> <span class='ocrx_word' id='word_1_241' title='bbox 168 1956 251 2013; x_wconf 84' lang='lat' dir='ltr'><strong><em>saper</em></strong></span> <span class='ocrx_word' id='word_1_242' title='bbox 264 1940 343 1995; x_wconf 83' lang='lat' dir='ltr'><strong><em>coelos</em></strong></span> <span class='ocrx_word' id='word_1_243' title='bbox 356 1942 422 1994; x_wconf 85' lang='lat' dir='ltr'><strong><em>sunt</em></strong></span> <span class='ocrx_word' id='word_1_244' title='bbox 439 1937 548 1993; x_wconf 84' lang='lat' dir='ltr'><strong><em>laudent</em></strong></span> <span class='ocrx_word' id='word_1_245' title='bbox 563 1952 662 1993; x_wconf 84' lang='lat' dir='ltr'><strong><em>nomen</em></strong></span> <span class='ocrx_word' id='word_1_246' title='bbox 687 1938 800 1992; x_wconf 83' lang='lat' dir='ltr'><strong><em>liomini</em></strong></span> <span class='ocrx_word' id='word_1_247' title='bbox 815 1937 916 2008; x_wconf 70' lang='lat' dir='ltr'><strong><em>(liin),</em></strong></span> <span class='ocrx_word' id='word_1_248' title='bbox 972 1935 1721 2009; x_wconf 81' lang='lat' dir='ltr'><strong><em>intelligutnrdejustis,quietsicoelidicantur‚qt</em></strong></span> 
     </span>
     <span class='ocr_line' id='line_1_21' title="bbox 95 2024 1702 2102; baseline -0.006 -13"><span class='ocrx_word' id='word_1_249' title='bbox 95 2033 313 2102; x_wconf 75' lang='lat' dir='ltr'><strong><em>consequenter</em></strong></span> <span class='ocrx_word' id='word_1_250' title='bbox 327 2028 463 2099; x_wconf 78' lang='lat' dir='ltr'><strong><em>adjungit</em></strong></span> <span class='ocrx_word' id='word_1_251' title='bbox 476 2045 482 2082; x_wconf 77' lang='grc' dir='ltr'><strong><em>ε</em></strong></span> <span class='ocrx_word' id='word_1_252' title='bbox 499 2027 600 2083; x_wconf 77' lang='lat' dir='ltr'><em>Statuit</em></span> <span class='ocrx_word' id='word_1_253' title='bbox 610 2044 642 2082; x_wconf 87' lang='lat' dir='ltr'><strong><em>eo</em></strong></span> <span class='ocrx_word' id='word_1_254' title='bbox 656 2044 686 2082; x_wconf 84' lang='lat' dir='ltr'><strong><em>tn</em></strong></span> <span class='ocrx_word' id='word_1_255' title='bbox 700 2037 835 2084; x_wconf 72' lang='lat' dir='ltr'><strong><em>aeternum</em></strong></span> <span class='ocrx_word' id='word_1_256' title='bbox 850 2036 876 2082; x_wconf 92' lang='lat' dir='ltr'><strong><em>ct</em></strong></span> <span class='ocrx_word' id='word_1_257' title='bbox 890 2029 918 2082; x_wconf 83' lang='lat' dir='ltr'><strong><em>iri</em></strong></span> <span class='ocrx_word' id='word_1_258' title='bbox 973 2043 1074 2083; x_wconf 87' lang='lat' dir='ltr'><strong><em>eorum</em></strong></span> <span class='ocrx_word' id='word_1_259' title='bbox 1090 2026 1259 2082; x_wconf 82' lang='lat' dir='ltr'><strong><em>conversatio</em></strong></span> <span class='ocrx_word' id='word_1_260' title='bbox 1274 2035 1313 2083; x_wconf 85' lang='lat' dir='ltr'><strong><em>est</em></strong></span> <span class='ocrx_word' id='word_1_261' title='bbox 1328 2026 1357 2081; x_wconf 87' lang='lat' dir='ltr'><strong><em>in</em></strong></span> <span class='ocrx_word' id='word_1_262' title='bbox 1374 2024 1451 2081; x_wconf 77' lang='lat' dir='ltr'><strong><em>calis</em></strong></span> <span class='ocrx_word' id='word_1_263' title='bbox 1476 2025 1615 2096; x_wconf 75' lang='lat' dir='ltr'><strong><em>(Philip.</em></strong></span> <span class='ocrx_word' id='word_1_264' title='bbox 1645 2025 1702 2096; x_wconf 86' lang='grc' dir='ltr'>ιιι),</span> 
     </span>
     <span class='ocr_line' id='line_1_22' title="bbox 93 2114 1714 2189; baseline -0.006 -11"><span class='ocrx_word' id='word_1_265' title='bbox 93 2122 227 2180; x_wconf 74' lang='lat' dir='ltr'><strong><em>saeclum</em></strong></span> <span class='ocrx_word' id='word_1_266' title='bbox 240 2117 337 2174; x_wconf 83' lang='lat' dir='ltr'><strong><em>saecali</em></strong></span> <span class='ocrx_word' id='word_1_267' title='bbox 351 2117 431 2189; x_wconf 82' lang='lat' dir='ltr'><strong><em>(tcto.</em></strong></span> <span class='ocrx_word' id='word_1_268' title='bbox 450 2122 469 2183; x_wconf 91' lang='grc'>).</span> <span class='ocrx_word' id='word_1_269' title='bbox 487 2117 519 2172; x_wconf 76' lang='lat' dir='ltr'><strong><em>tit</em></strong></span> <span class='ocrx_word' id='word_1_270' title='bbox 534 2115 671 2172; x_wconf 85' lang='lat' dir='ltr'><strong><em>Salomon</em></strong></span> <span class='ocrx_word' id='word_1_271' title='bbox 689 2117 798 2185; x_wconf 82' lang='lat' dir='ltr'><strong><em>:Terro‚</em></strong></span> <span class='ocrx_word' id='word_1_272' title='bbox 811 2117 918 2189; x_wconf 89' lang='lat' dir='ltr'><strong><em>inquit,</em></strong></span> <span class='ocrx_word' id='word_1_273' title='bbox 973 2121 1070 2172; x_wconf 85' lang='lat' dir='ltr'><strong><em>tamen</em></strong></span> <span class='ocrx_word' id='word_1_274' title='bbox 1082 2116 1244 2171; x_wconf 87' lang='lat' dir='ltr'><strong><em>secundum</em></strong></span> <span class='ocrx_word' id='word_1_275' title='bbox 1257 2130 1363 2187; x_wconf 87' lang='lat' dir='ltr'><strong><em>corpus</em></strong></span> <span class='ocrx_word' id='word_1_276' title='bbox 1376 2114 1516 2186; x_wconf 81' lang='lat' dir='ltr'><strong><em>peribunt</em></strong></span> <span class='ocrx_word' id='word_1_277' title='bbox 1530 2129 1539 2169; x_wconf 74' lang='grc' dir='ltr'><strong>ε</strong></span> <span class='ocrx_word' id='word_1_278' title='bbox 1555 2115 1647 2185; x_wconf 90' lang='lat' dir='ltr'><strong><em>qnod</em></strong></span> <span class='ocrx_word' id='word_1_279' title='bbox 1666 2118 1714 2171; x_wconf 81' lang='lat' dir='ltr'><strong><em>eei</em></strong></span> 
     </span>
     <span class='ocr_line' id='line_1_23' title="bbox 95 2202 1720 2279; baseline -0.006 -11"><span class='ocrx_word' id='word_1_280' title='bbox 95 2213 126 2268; x_wconf 86' lang='lat' dir='ltr'><strong><em>in</em></strong></span> <span class='ocrx_word' id='word_1_281' title='bbox 153 2212 290 2267; x_wconf 62' lang='lat' dir='ltr'><strong><em>mamam</em></strong></span> <span class='ocrx_word' id='word_1_282' title='bbox 304 2211 359 2262; x_wconf 86' lang='lat' dir='ltr'><strong><em>siut</em></strong></span> <span class='ocrx_word' id='word_1_283' title='bbox 375 2204 484 2279; x_wconf 74' lang='lat' dir='ltr'><strong><em>(decies.</em></strong></span> <span class='ocrx_word' id='word_1_284' title='bbox 497 2206 527 2276; x_wconf 89' lang='grc' dir='ltr'><strong><em>ι).</em></strong></span> <span class='ocrx_word' id='word_1_285' title='bbox 559 2206 922 2278; x_wconf 85' lang='lat' dir='ltr'><strong><em>ldemquadecoelcdicit</em></strong></span> <span class='ocrx_word' id='word_1_286' title='bbox 973 2202 1661 2275; x_wconf 79' lang='lat' dir='ltr'><strong><em>vestimentum.Etprcpterearectedicitur,</em></strong></span> <span class='ocrx_word' id='word_1_287' title='bbox 1680 2219 1720 2275; x_wconf 92' lang='lat' dir='ltr'><strong><em>qu</em></strong></span> 
     </span>
     <span class='ocr_line' id='line_1_24' title="bbox 96 2290 1721 2366; baseline -0.006 -10"><span class='ocrx_word' id='word_1_288' title='bbox 96 2303 126 2356; x_wconf 88' lang='lat' dir='ltr'><strong><em>et</em></strong></span> <span class='ocrx_word' id='word_1_289' title='bbox 139 2300 227 2354; x_wconf 84' lang='lat' dir='ltr'><strong><em>terra.</em></strong></span> <span class='ocrx_word' id='word_1_290' title='bbox 242 2295 394 2363; x_wconf 86' lang='lat' dir='ltr'><strong><em>Novimus,</em></strong></span> <span class='ocrx_word' id='word_1_291' title='bbox 409 2295 539 2362; x_wconf 81' lang='lat' dir='ltr'><strong><em>Domine,</em></strong></span> <span class='ocrx_word' id='word_1_292' title='bbox 554 2294 630 2366; x_wconf 89' lang='lat' dir='ltr'><strong><em>quod</em></strong></span> <span class='ocrx_word' id='word_1_293' title='bbox 644 2293 791 2350; x_wconf 83' lang='lat' dir='ltr'><strong><em>fabricasti</em></strong></span> <span class='ocrx_word' id='word_1_294' title='bbox 800 2293 854 2351; x_wconf 83' lang='lat' dir='ltr'><strong><em>tibi</em></strong></span> <span class='ocrx_word' id='word_1_295' title='bbox 869 2294 922 2350; x_wconf 91' lang='lat' dir='ltr'><strong><em>dc·</em></strong></span> <span class='ocrx_word' id='word_1_296' title='bbox 974 2309 1022 2348; x_wconf 87' lang='lat' dir='ltr'><strong><em>nes</em></strong></span> <span class='ocrx_word' id='word_1_297' title='bbox 1034 2296 1064 2347; x_wconf 90' lang='lat' dir='ltr'><strong><em>ut</em></strong></span> <span class='ocrx_word' id='word_1_298' title='bbox 1078 2293 1270 2348; x_wconf 84' lang='lat' dir='ltr'><strong><em>uestimentum</em></strong></span> <span class='ocrx_word' id='word_1_299' title='bbox 1297 2295 1477 2360; x_wconf 86' lang='lat' dir='ltr'><strong><em>veterescent,</em></strong></span> <span class='ocrx_word' id='word_1_300' title='bbox 1492 2290 1523 2346; x_wconf 92' lang='lat' dir='ltr'><strong><em>id</em></strong></span> <span class='ocrx_word' id='word_1_301' title='bbox 1545 2296 1600 2348; x_wconf 84' lang='lat' dir='ltr'><strong><em>est</em></strong></span> <span class='ocrx_word' id='word_1_302' title='bbox 1614 2298 1721 2364; x_wconf 79' lang='lat' dir='ltr'><strong><em>quana</em></strong></span> 
     </span>
     <span class='ocr_line' id='line_1_25' title="bbox 96 2380 1721 2457; baseline -0.004 -12"><span class='ocrx_word' id='word_1_303' title='bbox 96 2401 180 2444; x_wconf 88' lang='lat' dir='ltr'><strong><em>mum</em></strong></span> <span class='ocrx_word' id='word_1_304' title='bbox 192 2388 374 2457; x_wconf 86' lang='lat' dir='ltr'><strong><em>perpetuam,</em></strong></span> <span class='ocrx_word' id='word_1_305' title='bbox 385 2384 492 2439; x_wconf 85' lang='lat' dir='ltr'><strong><em>coelum</em></strong></span> <span class='ocrx_word' id='word_1_306' title='bbox 503 2390 532 2438; x_wconf 84' lang='lat' dir='ltr'><strong><em>ec</em></strong></span> <span class='ocrx_word' id='word_1_307' title='bbox 542 2395 650 2438; x_wconf 86' lang='lat' dir='ltr'><strong><em>terram</em></strong></span> <span class='ocrx_word' id='word_1_308' title='bbox 661 2388 690 2437; x_wconf 84' lang='lat' dir='ltr'><strong><em>ei</em></strong></span> <span class='ocrx_word' id='word_1_309' title='bbox 702 2398 800 2452; x_wconf 86' lang='lat' dir='ltr'><strong><em>mare;</em></strong></span> <span class='ocrx_word' id='word_1_310' title='bbox 816 2399 921 2454; x_wconf 85' lang='lat' dir='ltr'><strong><em>quam·</em></strong></span> <span class='ocrx_word' id='word_1_311' title='bbox 976 2399 1082 2454; x_wconf 88' lang='lat' dir='ltr'><strong><em>corpus</em></strong></span> <span class='ocrx_word' id='word_1_312' title='bbox 1097 2380 1244 2451; x_wconf 83' lang='lat' dir='ltr'><strong><em>deficient,</em></strong></span> <span class='ocrx_word' id='word_1_313' title='bbox 1261 2383 1331 2455; x_wconf 89' lang='lat' dir='ltr'><strong><em>qnia</em></strong></span> <span class='ocrx_word' id='word_1_314' title='bbox 1346 2381 1422 2452; x_wconf 91' lang='lat' dir='ltr'><strong><em>quod</em></strong></span> <span class='ocrx_word' id='word_1_315' title='bbox 1447 2381 1624 2438; x_wconf 85' lang='lat' dir='ltr'><strong><em>veterascit</em></strong></span> <span class='ocrx_word' id='word_1_316' title='bbox 1639 2388 1673 2439; x_wconf 85' lang='lat' dir='ltr'><strong><em>et</em></strong></span> <span class='ocrx_word' id='word_1_317' title='bbox 1690 2398 1721 2439; x_wconf 88' lang='lat' dir='ltr'><strong><em>se</em></strong></span> 
     </span>
     <span class='ocr_line' id='line_1_26' title="bbox 94 2470 1308 2545; baseline -0.006 -13"><span class='ocrx_word' id='word_1_318' title='bbox 94 2474 140 2532; x_wconf 84' lang='lat' dir='ltr'><strong><em>vis</em></strong></span> <span class='ocrx_word' id='word_1_319' title='bbox 155 2474 186 2530; x_wconf 90' lang='lat' dir='ltr'><strong><em>in</em></strong></span> <span class='ocrx_word' id='word_1_320' title='bbox 201 2471 374 2545; x_wconf 80' lang='lat' dir='ltr'><strong>Apocalypsi</strong></span> <span class='ocrx_word' id='word_1_321' title='bbox 389 2471 514 2543; x_wconf 86' lang='lat' dir='ltr'><strong><em>dicutur,</em></strong></span> <span class='ocrx_word' id='word_1_322' title='bbox 530 2472 608 2543; x_wconf 88' lang='lat' dir='ltr'><strong><em>quod</em></strong></span> <span class='ocrx_word' id='word_1_323' title='bbox 623 2487 700 2528; x_wconf 88' lang='lat' dir='ltr'><strong><em>more</em></strong></span> <span class='ocrx_word' id='word_1_324' title='bbox 709 2472 771 2543; x_wconf 83' lang='lat' dir='ltr'><strong><em>jum</em></strong></span> <span class='ocrx_word' id='word_1_325' title='bbox 785 2488 840 2529; x_wconf 86' lang='lat' dir='ltr'><strong><em>non</em></strong></span> <span class='ocrx_word' id='word_1_326' title='bbox 868 2474 922 2528; x_wconf 86' lang='lat' dir='ltr'><strong><em>crit</em></strong></span> <span class='ocrx_word' id='word_1_327' title='bbox 976 2487 1065 2544; x_wconf 86' lang='lat' dir='ltr'><strong><em>prope</em></strong></span> <span class='ocrx_word' id='word_1_328' title='bbox 1080 2470 1231 2527; x_wconf 89' lang='lat' dir='ltr'><strong><em>interitum</em></strong></span> <span class='ocrx_word' id='word_1_329' title='bbox 1242 2474 1308 2527; x_wconf 84' lang='lat' dir='ltr'><strong><em>eet..</em></strong></span> 
     </span>
     <span class='ocr_line' id='line_1_27' title="bbox 103 2558 1721 2638; baseline -0.002 -18"><span class='ocrx_word' id='word_1_330' title='bbox 103 2563 196 2638; x_wconf 78' lang='lat' dir='ltr'><strong><em>(lpoc.</em></strong></span> <span class='ocrx_word' id='word_1_331' title='bbox 208 2563 266 2631; x_wconf 83' lang='grc' dir='ltr'>ιιι)</span> <span class='ocrx_word' id='word_1_332' title='bbox 1013 2562 1129 2617; x_wconf 79' lang='lat' dir='ltr'><strong><em>Etsicut</em></strong></span> <span class='ocrx_word' id='word_1_333' title='bbox 1156 2559 1326 2632; x_wconf 77' lang='lat' dir='ltr'><strong><em>opertorium</em></strong></span> <span class='ocrx_word' id='word_1_334' title='bbox 1359 2558 1478 2616; x_wconf 76' lang='lat' dir='ltr'><strong><em>mutabis</em></strong></span> <span class='ocrx_word' id='word_1_335' title='bbox 1493 2574 1541 2616; x_wconf 85' lang='lat' dir='ltr'><strong><em>eos</em></strong></span> <span class='ocrx_word' id='word_1_336' title='bbox 1566 2565 1601 2617; x_wconf 89' lang='lat' dir='ltr'><strong><em>et</em></strong></span> <span class='ocrx_word' id='word_1_337' title='bbox 1628 2562 1721 2617; x_wconf 78' lang='lat' dir='ltr'><strong><em>mutui</em></strong></span> 
     </span>
     <span class='ocr_line' id='line_1_28' title="bbox 132 2647 1721 2721; baseline -0.001 -12"><span class='ocrx_word' id='word_1_338' title='bbox 132 2653 250 2710; x_wconf 91' lang='lat' dir='ltr'><strong><em>Neveru</em></strong></span> <span class='ocrx_word' id='word_1_339' title='bbox 261 2666 349 2707; x_wconf 83' lang='lat' dir='ltr'><strong><em>sacra</em></strong></span> <span class='ocrx_word' id='word_1_340' title='bbox 359 2648 579 2721; x_wconf 81' lang='lat' dir='ltr'><strong><em>Scriptnraesibi</em></strong></span> <span class='ocrx_word' id='word_1_341' title='bbox 592 2649 792 2705; x_wconf 78' lang='lat' dir='ltr'><strong><em>contradicere</em></strong></span> <span class='ocrx_word' id='word_1_342' title='bbox 803 2649 922 2705; x_wconf 87' lang='lat' dir='ltr'><strong><em>videau-</em></strong></span> <span class='ocrx_word' id='word_1_343' title='bbox 977 2648 1161 2721; x_wconf 80' lang='lat' dir='ltr'><strong><em>opertorium</em></strong></span> <span class='ocrx_word' id='word_1_344' title='bbox 1178 2650 1345 2721; x_wconf 83' lang='lat' dir='ltr'><strong><em>frequenter</em></strong></span> <span class='ocrx_word' id='word_1_345' title='bbox 1360 2653 1388 2706; x_wconf 88' lang='lat' dir='ltr'><strong><em>et</em></strong></span> <span class='ocrx_word' id='word_1_346' title='bbox 1404 2647 1624 2720; x_wconf 86' lang='lat' dir='ltr'><strong><em>multipliciter</em></strong></span> <span class='ocrx_word' id='word_1_347' title='bbox 1640 2656 1721 2707; x_wconf 79' lang='lat' dir='ltr'><strong><em>muti</em></strong></span> 
     </span>
     <span class='ocr_line' id='line_1_29' title="bbox 98 2737 1721 2811; baseline -0.003 -11"><span class='ocrx_word' id='word_1_348' title='bbox 98 2747 159 2810; x_wconf 83' lang='lat' dir='ltr'><strong><em>tur,</em></strong></span> <span class='ocrx_word' id='word_1_349' title='bbox 175 2741 292 2798; x_wconf 87' lang='lat' dir='ltr'><strong><em>dicatur</em></strong></span> <span class='ocrx_word' id='word_1_350' title='bbox 307 2739 383 2811; x_wconf 92' lang='lat' dir='ltr'><strong><em>quod</em></strong></span> <span class='ocrx_word' id='word_1_351' title='bbox 400 2753 499 2793; x_wconf 83' lang='lat' dir='ltr'><strong><em>revera</em></strong></span> <span class='ocrx_word' id='word_1_352' title='bbox 513 2738 611 2793; x_wconf 87' lang='lat' dir='ltr'><strong><em>coelom</em></strong></span> <span class='ocrx_word' id='word_1_353' title='bbox 626 2747 652 2793; x_wconf 83' lang='lat' dir='ltr'><strong><em>et</em></strong></span> <span class='ocrx_word' id='word_1_354' title='bbox 675 2747 751 2794; x_wconf 87' lang='lat' dir='ltr'><strong><em>terro</em></strong></span> <span class='ocrx_word' id='word_1_355' title='bbox 766 2740 925 2795; x_wconf 81' lang='lat' dir='ltr'><strong><em>transibunt</em></strong></span> <span class='ocrx_word' id='word_1_356' title='bbox 978 2740 1102 2794; x_wconf 89' lang='lat' dir='ltr'><strong><em>mundo:</em></strong></span> <span class='ocrx_word' id='word_1_357' title='bbox 1118 2738 1257 2809; x_wconf 88' lang='lat' dir='ltr'><strong><em>quoniam</em></strong></span> <span class='ocrx_word' id='word_1_358' title='bbox 1275 2738 1354 2794; x_wconf 77' lang='lat' dir='ltr'><strong><em>nomo</em></strong></span> <span class='ocrx_word' id='word_1_359' title='bbox 1375 2737 1498 2794; x_wconf 85' lang='lat' dir='ltr'><strong><em>natasde</em></strong></span> <span class='ocrx_word' id='word_1_360' title='bbox 1519 2740 1669 2808; x_wconf 80' lang='lat' dir='ltr'><strong><em>muliere,</em></strong></span> <span class='ocrx_word' id='word_1_361' title='bbox 1695 2741 1721 2796; x_wconf 82' lang='lat' dir='ltr'><strong><em>cr</em></strong></span> 
     </span>
     <span class='ocr_line' id='line_1_30' title="bbox 99 2825 1721 2903; baseline 0.001 -18"><span class='ocrx_word' id='word_1_362' title='bbox 99 2827 204 2903; x_wconf 71' lang='lat' dir='ltr'><strong><em>(licui.</em></strong></span> <span class='ocrx_word' id='word_1_363' title='bbox 220 2829 308 2895; x_wconf 81' lang='grc' dir='ltr'>ιιιν),</span> <span class='ocrx_word' id='word_1_364' title='bbox 324 2830 468 2897; x_wconf 89' lang='lat' dir='ltr'><strong><em>quantum</em></strong></span> <span class='ocrx_word' id='word_1_365' title='bbox 491 2830 526 2880; x_wconf 90' lang='lat' dir='ltr'><strong><em>ad</em></strong></span> <span class='ocrx_word' id='word_1_366' title='bbox 543 2825 714 2896; x_wconf 75' lang='lat' dir='ltr'><strong><em>qualitatem</em></strong></span> <span class='ocrx_word' id='word_1_367' title='bbox 731 2834 761 2882; x_wconf 87' lang='lat' dir='ltr'><strong><em>et</em></strong></span> <span class='ocrx_word' id='word_1_368' title='bbox 789 2828 923 2895; x_wconf 82' lang='lat' dir='ltr'><strong><em>turmam,</em></strong></span> <span class='ocrx_word' id='word_1_369' title='bbox 977 2843 1041 2882; x_wconf 87' lang='lat' dir='ltr'><strong><em>oens</em></strong></span> <span class='ocrx_word' id='word_1_370' title='bbox 1054 2837 1182 2897; x_wconf 84' lang='lat' dir='ltr'><strong><em>tempore,</em></strong></span> <span class='ocrx_word' id='word_1_371' title='bbox 1199 2844 1344 2900; x_wconf 85' lang='lat' dir='ltr'><strong><em>nunquam</em></strong></span> <span class='ocrx_word' id='word_1_372' title='bbox 1358 2827 1389 2883; x_wconf 87' lang='lat' dir='ltr'><strong><em>in</em></strong></span> <span class='ocrx_word' id='word_1_373' title='bbox 1403 2826 1588 2884; x_wconf 85' lang='lat' dir='ltr'><strong><em>codemstatu</em></strong></span> <span class='ocrx_word' id='word_1_374' title='bbox 1598 2847 1721 2903; x_wconf 79' lang='lat' dir='ltr'><strong><em>permar</em></strong></span> 
     </span>
     <span class='ocr_line' id='line_1_31' title="bbox 101 2915 1721 2989; baseline 0.001 -14"><span class='ocrx_word' id='word_1_375' title='bbox 101 2919 151 2976; x_wconf 89' lang='lat' dir='ltr'><strong><em>sed</em></strong></span> <span class='ocrx_word' id='word_1_376' title='bbox 168 2916 393 2989; x_wconf 85' lang='lat' dir='ltr'><strong><em>permanebunt,</em></strong></span> <span class='ocrx_word' id='word_1_377' title='bbox 417 2919 562 2984; x_wconf 87' lang='lat' dir='ltr'><strong><em>quantum</em></strong></span> <span class='ocrx_word' id='word_1_378' title='bbox 588 2915 624 2969; x_wconf 87' lang='lat' dir='ltr'><strong><em>nd</em></strong></span> <span class='ocrx_word' id='word_1_379' title='bbox 638 2915 815 2971; x_wconf 83' lang='lat' dir='ltr'><strong><em>substatiam</em></strong></span> <span class='ocrx_word' id='word_1_380' title='bbox 831 2925 857 2972; x_wconf 86' lang='lat' dir='ltr'><strong><em>ct</em></strong></span> <span class='ocrx_word' id='word_1_381' title='bbox 873 2934 925 2972; x_wconf 92' lang='lat' dir='ltr'><strong><em>na·</em></strong></span> <span class='ocrx_word' id='word_1_382' title='bbox 978 2917 1121 2986; x_wconf 67' lang='lat' dir='ltr'><strong><em>xivpouis</em></strong></span> <span class='ocrx_word' id='word_1_383' title='bbox 1133 2921 1230 2972; x_wconf 88' lang='lat' dir='ltr'><strong><em>autern</em></strong></span> <span class='ocrx_word' id='word_1_384' title='bbox 1242 2918 1394 2974; x_wconf 84' lang='lat' dir='ltr'><strong><em>universas</em></strong></span> <span class='ocrx_word' id='word_1_385' title='bbox 1405 2917 1597 2974; x_wconf 88' lang='lat' dir='ltr'><strong><em>mutationes</em></strong></span> <span class='ocrx_word' id='word_1_386' title='bbox 1615 2926 1721 2977; x_wconf 81' lang='lat' dir='ltr'><strong><em>morta</em></strong></span> 
     </span>
     <span class='ocr_line' id='line_1_32' title="bbox 100 3001 1718 3078; baseline 0.002 -17"><span class='ocrx_word' id='word_1_387' title='bbox 100 3010 210 3062; x_wconf 87' lang='lat' dir='ltr'><strong><em>turam.</em></strong></span> <span class='ocrx_word' id='word_1_388' title='bbox 227 3003 262 3059; x_wconf 83' lang='lat' dir='ltr'><strong><em>lit</em></strong></span> <span class='ocrx_word' id='word_1_389' title='bbox 273 3003 308 3058; x_wconf 89' lang='lat' dir='ltr'><strong><em>de</em></strong></span> <span class='ocrx_word' id='word_1_390' title='bbox 323 3001 403 3058; x_wconf 89' lang='lat' dir='ltr'><strong><em>coelis</em></strong></span> <span class='ocrx_word' id='word_1_391' title='bbox 419 3002 536 3073; x_wconf 89' lang='lat' dir='ltr'><strong><em>quidem</em></strong></span> <span class='ocrx_word' id='word_1_392' title='bbox 549 3002 642 3058; x_wconf 87' lang='lat' dir='ltr'><strong><em>aereis</em></strong></span> <span class='ocrx_word' id='word_1_393' title='bbox 658 3002 777 3073; x_wconf 88' lang='lat' dir='ltr'><strong><em>planum</em></strong></span> <span class='ocrx_word' id='word_1_394' title='bbox 789 3006 924 3077; x_wconf 69' lang='lat' dir='ltr'><strong><em>estquod</em></strong></span> <span class='ocrx_word' id='word_1_395' title='bbox 981 3006 1069 3060; x_wconf 90' lang='lat' dir='ltr'><strong><em>minis</em></strong></span> <span class='ocrx_word' id='word_1_396' title='bbox 1080 3006 1174 3062; x_wconf 82' lang='lat' dir='ltr'><strong><em>valeat</em></strong></span> <span class='ocrx_word' id='word_1_397' title='bbox 1184 3006 1352 3078; x_wconf 78' lang='lat' dir='ltr'><strong><em>explicere?</em></strong></span> <span class='ocrx_word' id='word_1_398' title='bbox 1366 3005 1447 3062; x_wconf 89' lang='lat' dir='ltr'><strong><em>Unde</em></strong></span> <span class='ocrx_word' id='word_1_399' title='bbox 1458 3006 1597 3063; x_wconf 81' lang='lat' dir='ltr'><strong><em>sufficiat</em></strong></span> <span class='ocrx_word' id='word_1_400' title='bbox 1611 3007 1665 3063; x_wconf 88' lang='lat' dir='ltr'><strong><em>hic</em></strong></span> <span class='ocrx_word' id='word_1_401' title='bbox 1680 3025 1718 3066; x_wconf 88' lang='lat' dir='ltr'><strong><em>ex</em></strong></span> 
     </span>
     <span class='ocr_line' id='line_1_33' title="bbox 101 3058 1721 3168; baseline 0.003 -18"><span class='ocrx_word' id='word_1_402' title='bbox 101 3093 160 3167; x_wconf 89' lang='lat' dir='ltr'><strong><em>ipsi</em></strong></span> <span class='ocrx_word' id='word_1_403' title='bbox 173 3098 201 3149; x_wconf 83' lang='lat' dir='ltr'><strong><em>si</em></strong></span> <span class='ocrx_word' id='word_1_404' title='bbox 215 3099 294 3147; x_wconf 87' lang='lat' dir='ltr'><strong><em>terra</em></strong></span> <span class='ocrx_word' id='word_1_405' title='bbox 309 3092 463 3162; x_wconf 80' lang='lat' dir='ltr'><strong><em>perignem</em></strong></span> <span class='ocrx_word' id='word_1_406' title='bbox 477 3093 586 3161; x_wconf 88' lang='lat' dir='ltr'><strong><em>ubsque</em></strong></span> <span class='ocrx_word' id='word_1_407' title='bbox 598 3091 697 3147; x_wconf 89' lang='lat' dir='ltr'><strong><em>dubllc</em></strong></span> <span class='ocrx_word' id='word_1_408' title='bbox 710 3095 925 3165; x_wconf 81' lang='lat' dir='ltr'><strong><em>purgabuntur,</em></strong></span> <span class='ocrx_word' id='word_1_409' title='bbox 941 3058 962 3125; x_wconf 69' lang='lat' dir='ltr'>c</span> <span class='ocrx_word' id='word_1_410' title='bbox 980 3098 1064 3153; x_wconf 87' lang='lat' dir='ltr'><strong><em>duas.</em></strong></span> <span class='ocrx_word' id='word_1_411' title='bbox 1080 3096 1122 3152; x_wconf 75' lang='lat' dir='ltr'><strong><em>&#39;l&#39;u</em></strong></span> <span class='ocrx_word' id='word_1_412' title='bbox 1140 3113 1206 3167; x_wconf 78' lang='lat' dir='ltr'><strong><em>ergo</em></strong></span> <span class='ocrx_word' id='word_1_413' title='bbox 1223 3113 1282 3163; x_wconf 88' lang='lat' dir='ltr'><strong><em>ecs,</em></strong></span> <span class='ocrx_word' id='word_1_414' title='bbox 1299 3097 1327 3152; x_wconf 91' lang='lat' dir='ltr'><strong><em>id</em></strong></span> <span class='ocrx_word' id='word_1_415' title='bbox 1343 3102 1387 3152; x_wconf 82' lang='lat' dir='ltr'><strong><em>cst</em></strong></span> <span class='ocrx_word' id='word_1_416' title='bbox 1393 3098 1503 3168; x_wconf 90' lang='lat' dir='ltr'><strong><em>justos,</em></strong></span> <span class='ocrx_word' id='word_1_417' title='bbox 1521 3098 1655 3167; x_wconf 86' lang='lat' dir='ltr'><strong><em>quicoeli</em></strong></span> <span class='ocrx_word' id='word_1_418' title='bbox 1674 3114 1721 3155; x_wconf 81' lang='lat' dir='ltr'><strong><em>vot</em></strong></span> 
     </span>
     <span class='ocr_line' id='line_1_34' title="bbox 101 3179 1721 3260; baseline 0.001 -22"><span class='ocrx_word' id='word_1_419' title='bbox 101 3187 131 3239; x_wconf 86' lang='lat' dir='ltr'><strong><em>st</em></strong></span> <span class='ocrx_word' id='word_1_420' title='bbox 144 3180 333 3237; x_wconf 88' lang='lat' dir='ltr'><strong><em>inmeliurcm</em></strong></span> <span class='ocrx_word' id='word_1_421' title='bbox 345 3179 655 3247; x_wconf 85' lang='lat' dir='ltr'><strong><em>l&#39;crmamtrensibunt‚</em></strong></span> <span class='ocrx_word' id='word_1_422' title='bbox 668 3181 744 3236; x_wconf 89' lang='lat' dir='ltr'><strong><em>sicut</em></strong></span> <span class='ocrx_word' id='word_1_423' title='bbox 760 3186 862 3238; x_wconf 84' lang='lat' dir='ltr'><strong><em>Petrus</em></strong></span> <span class='ocrx_word' id='word_1_424' title='bbox 873 3185 924 3255; x_wconf 87' lang='lat' dir='ltr'><strong><em>ait,</em></strong></span> <span class='ocrx_word' id='word_1_425' title='bbox 981 3186 1010 3241; x_wconf 89' lang='lat' dir='ltr'><strong><em>in</em></strong></span> <span class='ocrx_word' id='word_1_426' title='bbox 1028 3187 1131 3241; x_wconf 88' lang='lat' dir='ltr'><strong><em>mortis</em></strong></span> <span class='ocrx_word' id='word_1_427' title='bbox 1148 3185 1343 3242; x_wconf 80' lang='lat' dir='ltr'><strong><em>dissolutione</em></strong></span> <span class='ocrx_word' id='word_1_428' title='bbox 1357 3186 1488 3242; x_wconf 80' lang='lat' dir='ltr'><strong><em>mutabis</em></strong></span> <span class='ocrx_word' id='word_1_429' title='bbox 1505 3203 1512 3252; x_wconf 83' lang='lat'><strong>;</strong></span> <span class='ocrx_word' id='word_1_430' title='bbox 1529 3190 1562 3242; x_wconf 80' lang='lat' dir='ltr'><strong><em>et</em></strong></span> <span class='ocrx_word' id='word_1_431' title='bbox 1580 3188 1642 3260; x_wconf 87' lang='lat' dir='ltr'><strong><em>ipsi</em></strong></span> <span class='ocrx_word' id='word_1_432' title='bbox 1658 3194 1721 3244; x_wconf 80' lang='lat' dir='ltr'><strong><em>tnui</em></strong></span> 
     </span>
     <span class='ocr_line' id='line_1_35' title="bbox 103 3266 1721 3347; baseline 0.002 -21"><span class='ocrx_word' id='word_1_433' title='bbox 103 3269 181 3343; x_wconf 91' lang='lat' dir='ltr'><strong><em>quod</em></strong></span> <span class='ocrx_word' id='word_1_434' title='bbox 195 3267 262 3325; x_wconf 89' lang='lat' dir='ltr'><strong><em>coeli</em></strong></span> <span class='ocrx_word' id='word_1_435' title='bbox 272 3269 399 3323; x_wconf 80' lang='lat' dir='ltr'><strong><em>orelentes</em></strong></span> <span class='ocrx_word' id='word_1_436' title='bbox 415 3266 565 3334; x_wconf 78' lang='lat' dir='ltr'><strong><em>solventur,</em></strong></span> <span class='ocrx_word' id='word_1_437' title='bbox 582 3268 717 3324; x_wconf 85' lang='lat' dir='ltr'><strong><em>elemento</em></strong></span> <span class='ocrx_word' id='word_1_438' title='bbox 728 3285 791 3326; x_wconf 85' lang='lat' dir='ltr'><strong><em>vero</em></strong></span> <span class='ocrx_word' id='word_1_439' title='bbox 802 3272 927 3342; x_wconf 81' lang='lat' dir='ltr'><strong><em>ipnisor·</em></strong></span> <span class='ocrx_word' id='word_1_440' title='bbox 980 3274 1203 3331; x_wconf 85' lang='lat' dir='ltr'><strong><em>resurrectionis</em></strong></span> <span class='ocrx_word' id='word_1_441' title='bbox 1212 3274 1306 3347; x_wconf 81' lang='lat' dir='ltr'><strong><em>gloria</em></strong></span> <span class='ocrx_word' id='word_1_442' title='bbox 1316 3274 1520 3331; x_wconf 86' lang='lat' dir='ltr'><strong><em>mutabuntur.</em></strong></span> <span class='ocrx_word' id='word_1_443' title='bbox 1534 3274 1599 3330; x_wconf 86' lang='lat' dir='ltr'><strong><em>Sed</em></strong></span> <span class='ocrx_word' id='word_1_444' title='bbox 1611 3280 1643 3331; x_wconf 86' lang='lat' dir='ltr'><strong><em>et</em></strong></span> <span class='ocrx_word' id='word_1_445' title='bbox 1653 3274 1721 3332; x_wconf 84' lang='lat' dir='ltr'><strong><em>coeli</em></strong></span> 
     </span>
     <span class='ocr_line' id='line_1_36' title="bbox 102 3357 1721 3436; baseline 0.002 -20"><span class='ocrx_word' id='word_1_446' title='bbox 102 3359 168 3417; x_wconf 89' lang='lat' dir='ltr'><strong><em>dore</em></strong></span> <span class='ocrx_word' id='word_1_447' title='bbox 181 3358 319 3415; x_wconf 79' lang='lat' dir='ltr'><strong><em>tabescent</em></strong></span> <span class='ocrx_word' id='word_1_448' title='bbox 341 3357 380 3428; x_wconf 87' lang='lat' dir='ltr'><strong><em>(ll</em></strong></span> <span class='ocrx_word' id='word_1_449' title='bbox 401 3357 475 3411; x_wconf 86' lang='lat' dir='ltr'><strong><em>Petr.</em></strong></span> <span class='ocrx_word' id='word_1_450' title='bbox 493 3365 546 3423; x_wconf 88' lang='grc' dir='ltr'>ιιι),</span> <span class='ocrx_word' id='word_1_451' title='bbox 563 3357 640 3428; x_wconf 92' lang='lat' dir='ltr'><strong><em>quod</em></strong></span> <span class='ocrx_word' id='word_1_452' title='bbox 664 3357 712 3414; x_wconf 90' lang='lat' dir='ltr'><strong><em>hic</em></strong></span> <span class='ocrx_word' id='word_1_453' title='bbox 727 3364 825 3430; x_wconf 86' lang='lat' dir='ltr'><strong><em>aperte</em></strong></span> <span class='ocrx_word' id='word_1_454' title='bbox 843 3365 924 3417; x_wconf 89' lang='lat' dir='ltr'><strong><em>ncta·</em></strong></span> <span class='ocrx_word' id='word_1_455' title='bbox 980 3364 1298 3436; x_wconf 88' lang='lat' dir='ltr'><strong><em>rialisrecteopertcric</em></strong></span> <span class='ocrx_word' id='word_1_456' title='bbox 1310 3368 1530 3436; x_wconf 85' lang='lat' dir='ltr'><strong><em>comparantur,</em></strong></span> <span class='ocrx_word' id='word_1_457' title='bbox 1541 3365 1621 3435; x_wconf 92' lang='lat' dir='ltr'><strong><em>quia</em></strong></span> <span class='ocrx_word' id='word_1_458' title='bbox 1632 3369 1721 3422; x_wconf 75' lang='lat' dir='ltr'><strong><em>caeter</em></strong></span> 
     </span>
     <span class='ocr_line' id='line_1_37' title="bbox 102 3444 1721 3525; baseline 0.004 -21"><span class='ocrx_word' id='word_1_459' title='bbox 102 3452 163 3512; x_wconf 84' lang='lat' dir='ltr'><strong><em>tur,</em></strong></span> <span class='ocrx_word' id='word_1_460' title='bbox 177 3465 243 3504; x_wconf 85' lang='lat' dir='ltr'><strong><em>curn</em></strong></span> <span class='ocrx_word' id='word_1_461' title='bbox 266 3447 392 3503; x_wconf 90' lang='lat' dir='ltr'><strong><em>dicitur:</em></strong></span> <span class='ocrx_word' id='word_1_462' title='bbox 408 3444 484 3501; x_wconf 76' lang='lat' dir='ltr'><strong><em>Siout</em></strong></span> <span class='ocrx_word' id='word_1_463' title='bbox 511 3446 680 3517; x_wconf 82' lang='lat' dir='ltr'><strong><em>opertorium</em></strong></span> <span class='ocrx_word' id='word_1_464' title='bbox 695 3449 884 3517; x_wconf 78' lang='lat' dir='ltr'><strong><em>maledictos,</em></strong></span> <span class='ocrx_word' id='word_1_465' title='bbox 900 3455 925 3507; x_wconf 90' lang='lat' dir='ltr'><strong><em>et</em></strong></span> <span class='ocrx_word' id='word_1_466' title='bbox 980 3455 1060 3510; x_wconf 87' lang='lat' dir='ltr'><strong><em>riunt</em></strong></span> <span class='ocrx_word' id='word_1_467' title='bbox 1077 3453 1150 3509; x_wconf 88' lang='lat' dir='ltr'><strong><em>inlru</em></strong></span> <span class='ocrx_word' id='word_1_468' title='bbox 1167 3453 1263 3525; x_wconf 85' lang='lat' dir='ltr'><strong><em>posita</em></strong></span> <span class='ocrx_word' id='word_1_469' title='bbox 1279 3472 1286 3520; x_wconf 82' lang='lat'>3</span> <span class='ocrx_word' id='word_1_470' title='bbox 1303 3453 1629 3510; x_wconf 84' lang='lat' dir='ltr'><strong><em>undecoelidiciisunt</em></strong></span> <span class='ocrx_word' id='word_1_471' title='bbox 1646 3470 1665 3509; x_wconf 87' lang='lat' dir='ltr'><strong><em>a</em></strong></span> <span class='ocrx_word' id='word_1_472' title='bbox 1687 3470 1721 3511; x_wconf 88' lang='lat' dir='ltr'><strong><em>cc</em></strong></span> 
     </span>
     <span class='ocr_line' id='line_1_38' title="bbox 102 3535 1291 3615; baseline 0.001 -19"><span class='ocrx_word' id='word_1_473' title='bbox 102 3540 294 3596; x_wconf 84' lang='lat' dir='ltr'><strong><em>mutabuntur.</em></strong></span> <span class='ocrx_word' id='word_1_474' title='bbox 306 3542 346 3593; x_wconf 86' lang='lat' dir='ltr'><strong><em>De</em></strong></span> <span class='ocrx_word' id='word_1_475' title='bbox 356 3535 556 3608; x_wconf 85' lang='lat' dir='ltr'><strong><em>superioribus</em></strong></span> <span class='ocrx_word' id='word_1_476' title='bbox 566 3544 664 3593; x_wconf 83' lang='lat' dir='ltr'><strong><em>nutem</em></strong></span> <span class='ocrx_word' id='word_1_477' title='bbox 676 3539 756 3595; x_wconf 76' lang='lat' dir='ltr'><strong><em>ciniis</em></strong></span> <span class='ocrx_word' id='word_1_478' title='bbox 767 3556 833 3596; x_wconf 89' lang='lat' dir='ltr'><strong><em>cum</em></strong></span> <span class='ocrx_word' id='word_1_479' title='bbox 845 3542 924 3597; x_wconf 86' lang='lat' dir='ltr'><strong><em>eide·</em></strong></span> <span class='ocrx_word' id='word_1_480' title='bbox 981 3544 1051 3599; x_wconf 81' lang='lat' dir='ltr'><strong><em>Coeli</em></strong></span> <span class='ocrx_word' id='word_1_481' title='bbox 1065 3559 1133 3615; x_wconf 85' lang='lat' dir='ltr'><strong><em>ergo</em></strong></span> <span class='ocrx_word' id='word_1_482' title='bbox 1150 3543 1291 3615; x_wconf 83' lang='lat' dir='ltr'><strong><em>peribunt.</em></strong></span> 
     </span>
     <span class='ocr_line' id='line_1_39' title="bbox 105 3625 1721 3706; baseline 0.003 -21"><span class='ocrx_word' id='word_1_483' title='bbox 105 3630 187 3685; x_wconf 85' lang='lat' dir='ltr'><strong><em>ribus</em></strong></span> <span class='ocrx_word' id='word_1_484' title='bbox 203 3626 308 3695; x_wconf 76' lang='lat' dir='ltr'><strong><em>etlaliis</em></strong></span> <span class='ocrx_word' id='word_1_485' title='bbox 325 3625 520 3681; x_wconf 89' lang='lat' dir='ltr'><strong><em>luminaribus</em></strong></span> <span class='ocrx_word' id='word_1_486' title='bbox 537 3642 594 3680; x_wconf 90' lang='lat' dir='ltr'><strong><em>non</em></strong></span> <span class='ocrx_word' id='word_1_487' title='bbox 610 3632 652 3681; x_wconf 86' lang='lat' dir='ltr'><strong><em>est</em></strong></span> <span class='ocrx_word' id='word_1_488' title='bbox 664 3632 774 3683; x_wconf 82' lang='lat' dir='ltr'><strong><em>certum</em></strong></span> <span class='ocrx_word' id='word_1_489' title='bbox 792 3629 923 3696; x_wconf 89' lang='lat' dir='ltr'><strong><em>omnino,</em></strong></span> <span class='ocrx_word' id='word_1_490' title='bbox 1015 3634 1154 3689; x_wconf 79' lang='lat' dir='ltr'><strong><em>luentem</em></strong></span> <span class='ocrx_word' id='word_1_491' title='bbox 1169 3632 1247 3689; x_wconf 83' lang='lat' dir='ltr'><strong><em>idem</em></strong></span> <span class='ocrx_word' id='word_1_492' title='bbox 1261 3632 1358 3705; x_wconf 85' lang='lat' dir='ltr'><strong><em>ipttes</em></strong></span> <span class='ocrx_word' id='word_1_493' title='bbox 1377 3636 1403 3689; x_wconf 89' lang='lat' dir='ltr'><strong><em>et</em></strong></span> <span class='ocrx_word' id='word_1_494' title='bbox 1417 3630 1612 3688; x_wconf 83' lang='lat' dir='ltr'><strong><em>conituincn</em></strong></span> <span class='ocrx_word' id='word_1_495' title='bbox 1631 3633 1721 3706; x_wconf 70' lang='lat' dir='ltr'><strong><em>defici·</em></strong></span> 
     </span>
     <span class='ocr_line' id='line_1_40' title="bbox 103 3713 1719 3788; baseline 0.004 -14"><span class='ocrx_word' id='word_1_496' title='bbox 103 3721 202 3774; x_wconf 87' lang='lat' dir='ltr'><strong><em>utrum</em></strong></span> <span class='ocrx_word' id='word_1_497' title='bbox 218 3719 247 3770; x_wconf 87' lang='lat' dir='ltr'><strong><em>et</em></strong></span> <span class='ocrx_word' id='word_1_498' title='bbox 261 3715 317 3786; x_wconf 88' lang='lat' dir='ltr'><strong><em>ipsi</em></strong></span> <span class='ocrx_word' id='word_1_499' title='bbox 333 3715 392 3770; x_wconf 84' lang='lat' dir='ltr'><strong><em>sini</em></strong></span> <span class='ocrx_word' id='word_1_500' title='bbox 406 3713 593 3784; x_wconf 86' lang='lat' dir='ltr'><strong><em>aliquatenus</em></strong></span> <span class='ocrx_word' id='word_1_501' title='bbox 605 3716 793 3786; x_wconf 87' lang='lat' dir='ltr'><strong><em>immutandi,</em></strong></span> <span class='ocrx_word' id='word_1_502' title='bbox 809 3720 923 3774; x_wconf 85' lang='lat' dir='ltr'><strong><em>eumad</em></strong></span> <span class='ocrx_word' id='word_1_503' title='bbox 1015 3722 1088 3788; x_wconf 88' lang='lat' dir='ltr'><strong><em>Quia</em></strong></span> <span class='ocrx_word' id='word_1_504' title='bbox 1102 3722 1285 3779; x_wconf 75' lang='lat' dir='ltr'><strong><em>invariabilis</em></strong></span> <span class='ocrx_word' id='word_1_505' title='bbox 1295 3738 1327 3780; x_wconf 88' lang='lat' dir='ltr'><strong><em>es</em></strong></span> <span class='ocrx_word' id='word_1_506' title='bbox 1338 3722 1458 3778; x_wconf 91' lang='lat' dir='ltr'><strong><em>omnino</em></strong></span> <span class='ocrx_word' id='word_1_507' title='bbox 1469 3729 1495 3777; x_wconf 89' lang='lat' dir='ltr'><strong><em>el</em></strong></span> <span class='ocrx_word' id='word_1_508' title='bbox 1507 3721 1719 3780; x_wconf 88' lang='lat' dir='ltr'><strong><em>immutabilia</em></strong></span> 
     </span>
     <span class='ocr_line' id='line_1_41' title="bbox 102 3804 1721 3880; baseline 0.003 -16"><span class='ocrx_word' id='word_1_509' title='bbox 102 3823 153 3865; x_wconf 89' lang='lat' dir='ltr'><strong><em>ecs</em></strong></span> <span class='ocrx_word' id='word_1_510' title='bbox 168 3808 251 3862; x_wconf 86' lang='lat' dir='ltr'><strong><em>loetor</em></strong></span> <span class='ocrx_word' id='word_1_511' title='bbox 265 3811 294 3861; x_wconf 88' lang='lat' dir='ltr'><strong><em>et</em></strong></span> <span class='ocrx_word' id='word_1_512' title='bbox 309 3804 423 3861; x_wconf 86' lang='lat' dir='ltr'><strong><em>loeditas</em></strong></span> <span class='ocrx_word' id='word_1_513' title='bbox 447 3821 482 3860; x_wconf 87' lang='lat' dir='ltr'><strong><em>cx</em></strong></span> <span class='ocrx_word' id='word_1_514' title='bbox 497 3805 594 3876; x_wconf 88' lang='lat' dir='ltr'><strong><em>pravis</em></strong></span> <span class='ocrx_word' id='word_1_515' title='bbox 609 3805 762 3863; x_wconf 88' lang='lat' dir='ltr'><strong><em>hominum</em></strong></span> <span class='ocrx_word' id='word_1_516' title='bbox 787 3810 925 3880; x_wconf 85' lang='lat' dir='ltr'><strong><em>operibus</em></strong></span> <span class='ocrx_word' id='word_1_517' title='bbox 979 3810 1091 3866; x_wconf 87' lang='lat' dir='ltr'><strong><em>habens</em></strong></span> <span class='ocrx_word' id='word_1_518' title='bbox 1106 3811 1134 3865; x_wconf 94' lang='lat' dir='ltr'><strong><em>in</em></strong></span> <span class='ocrx_word' id='word_1_519' title='bbox 1152 3814 1190 3872; x_wconf 84' lang='lat' dir='ltr'><strong><em>ic.</em></strong></span> <span class='ocrx_word' id='word_1_520' title='bbox 1209 3811 1264 3867; x_wconf 87' lang='lat' dir='ltr'><strong><em>nisi</em></strong></span> <span class='ocrx_word' id='word_1_521' title='bbox 1279 3816 1318 3880; x_wconf 87' lang='lat' dir='ltr'><strong><em>te,</em></strong></span> <span class='ocrx_word' id='word_1_522' title='bbox 1335 3828 1387 3868; x_wconf 90' lang='lat' dir='ltr'><strong><em>nec</em></strong></span> <span class='ocrx_word' id='word_1_523' title='bbox 1402 3810 1431 3866; x_wconf 91' lang='lat' dir='ltr'><strong><em>iu</em></strong></span> <span class='ocrx_word' id='word_1_524' title='bbox 1450 3817 1476 3867; x_wconf 90' lang='lat' dir='ltr'><strong><em>te</em></strong></span> <span class='ocrx_word' id='word_1_525' title='bbox 1491 3809 1571 3867; x_wconf 89' lang='lat' dir='ltr'><strong><em>aliud</em></strong></span> <span class='ocrx_word' id='word_1_526' title='bbox 1586 3816 1635 3867; x_wconf 87' lang='lat' dir='ltr'><strong><em>est</em></strong></span> <span class='ocrx_word' id='word_1_527' title='bbox 1652 3811 1721 3869; x_wconf 80' lang='lat' dir='ltr'><strong><em>hals</em></strong></span> 
     </span>
     <span class='ocr_line' id='line_1_42' title="bbox 102 3894 1721 3972; baseline 0.001 -19"><span class='ocrx_word' id='word_1_528' title='bbox 102 3913 160 3953; x_wconf 93' lang='lat' dir='ltr'><strong><em>non</em></strong></span> <span class='ocrx_word' id='word_1_529' title='bbox 171 3894 342 3968; x_wconf 86' lang='lat' dir='ltr'><strong><em>pervenerit:</em></strong></span> <span class='ocrx_word' id='word_1_530' title='bbox 355 3894 728 3967; x_wconf 84' lang='lat' dir='ltr'><strong><em>quanquaminillisangsli</em></strong></span> <span class='ocrx_word' id='word_1_531' title='bbox 743 3899 925 3967; x_wconf 85' lang='lat' dir='ltr'><strong><em>peccaverint</em></strong></span> <span class='ocrx_word' id='word_1_532' title='bbox 978 3898 1088 3967; x_wconf 85' lang='lat' dir='ltr'><strong><em>habito,</em></strong></span> <span class='ocrx_word' id='word_1_533' title='bbox 1107 3916 1159 3956; x_wconf 91' lang='lat' dir='ltr'><strong><em>nec</em></strong></span> <span class='ocrx_word' id='word_1_534' title='bbox 1169 3900 1248 3956; x_wconf 90' lang='lat' dir='ltr'><strong><em>uliud</em></strong></span> <span class='ocrx_word' id='word_1_535' title='bbox 1264 3900 1440 3957; x_wconf 85' lang='lat' dir='ltr'><strong><em>habitumab</em></strong></span> <span class='ocrx_word' id='word_1_536' title='bbox 1451 3900 1591 3965; x_wconf 82' lang='lat' dir='ltr'><strong><em>habente,</em></strong></span> <span class='ocrx_word' id='word_1_537' title='bbox 1608 3916 1721 3972; x_wconf 76' lang='lat' dir='ltr'><strong><em>quami</em></strong></span> 
     </span>
     <span class='ocr_line' id='line_1_43' title="bbox 102 3983 1721 4060; baseline 0.001 -17"><span class='ocrx_word' id='word_1_538' title='bbox 102 3984 268 4059; x_wconf 83' lang='lat' dir='ltr'><strong><em>apostatici,</em></strong></span> <span class='ocrx_word' id='word_1_539' title='bbox 283 3983 332 4055; x_wconf 92' lang='lat' dir='ltr'><strong><em>qui</em></strong></span> <span class='ocrx_word' id='word_1_540' title='bbox 349 3988 418 4037; x_wconf 86' lang='lat' dir='ltr'><strong><em>sunl</em></strong></span> <span class='ocrx_word' id='word_1_541' title='bbox 431 3984 466 4037; x_wconf 86' lang='lat' dir='ltr'><strong><em>dc</em></strong></span> <span class='ocrx_word' id='word_1_542' title='bbox 481 3983 551 4037; x_wconf 80' lang='lat' dir='ltr'><strong><em>emto</em></strong></span> <span class='ocrx_word' id='word_1_543' title='bbox 563 3984 693 4053; x_wconf 70' lang='lat' dir='ltr'><strong><em>prejecti.</em></strong></span> <span class='ocrx_word' id='word_1_544' title='bbox 705 3984 777 4040; x_wconf 90' lang='lat' dir='ltr'><strong><em>Nam</em></strong></span> <span class='ocrx_word' id='word_1_545' title='bbox 794 3987 824 4041; x_wconf 89' lang='lat' dir='ltr'><strong><em>in</em></strong></span> <span class='ocrx_word' id='word_1_546' title='bbox 838 4003 923 4058; x_wconf 83' lang='lat' dir='ltr'><strong><em>nape-</em></strong></span> <span class='ocrx_word' id='word_1_547' title='bbox 978 3988 1229 4045; x_wconf 82' lang='lat' dir='ltr'><strong><em>bencisnullussit</em></strong></span> <span class='ocrx_word' id='word_1_548' title='bbox 1241 3988 1370 4060; x_wconf 88' lang='lat' dir='ltr'><strong><em>habitus,</em></strong></span> <span class='ocrx_word' id='word_1_549' title='bbox 1383 4006 1436 4045; x_wconf 89' lang='lat' dir='ltr'><strong><em>nec</em></strong></span> <span class='ocrx_word' id='word_1_550' title='bbox 1447 3988 1721 4059; x_wconf 79' lang='lat' dir='ltr'><strong><em>alicujushcbituel</em></strong></span> 
     </span>
     <span class='ocr_line' id='line_1_44' title="bbox 102 4071 1714 4148; baseline 0.002 -17"><span class='ocrx_word' id='word_1_551' title='bbox 102 4077 138 4132; x_wconf 88' lang='lat' dir='ltr'><strong><em>lis</em></strong></span> <span class='ocrx_word' id='word_1_552' title='bbox 149 4079 207 4132; x_wconf 86' lang='lat' dir='ltr'><strong><em>sois</em></strong></span> <span class='ocrx_word' id='word_1_553' title='bbox 221 4075 322 4144; x_wconf 85' lang='lat' dir='ltr'><strong><em>reperit</em></strong></span> <span class='ocrx_word' id='word_1_554' title='bbox 336 4071 501 4142; x_wconf 70' lang='lat' dir='ltr'><strong><em>praetitotem</em></strong></span> <span class='ocrx_word' id='word_1_555' title='bbox 512 4071 579 4142; x_wconf 81' lang='lat' dir='ltr'><strong><em>(toi</em></strong></span> <span class='ocrx_word' id='word_1_556' title='bbox 597 4076 643 4139; x_wconf 83' lang='grc' dir='ltr'>ιν).</span> <span class='ocrx_word' id='word_1_557' title='bbox 657 4074 689 4128; x_wconf 75' lang='lat' dir='ltr'><strong><em>tit</em></strong></span> <span class='ocrx_word' id='word_1_558' title='bbox 704 4075 820 4145; x_wconf 86' lang='lat' dir='ltr'><strong><em>quidem</em></strong></span> <span class='ocrx_word' id='word_1_559' title='bbox 831 4076 924 4133; x_wconf 84' lang='lat' dir='ltr'><strong><em>ioan·</em></strong></span> <span class='ocrx_word' id='word_1_560' title='bbox 978 4077 1153 4146; x_wconf 77' lang='lat' dir='ltr'><strong><em>elinancius,</em></strong></span> <span class='ocrx_word' id='word_1_561' title='bbox 1182 4094 1249 4133; x_wconf 90' lang='lat' dir='ltr'><strong><em>cnm</em></strong></span> <span class='ocrx_word' id='word_1_562' title='bbox 1271 4094 1324 4133; x_wconf 89' lang='lat' dir='ltr'><strong><em>ens</em></strong></span> <span class='ocrx_word' id='word_1_563' title='bbox 1339 4077 1416 4133; x_wconf 90' lang='lat' dir='ltr'><strong><em>idem</em></strong></span> <span class='ocrx_word' id='word_1_564' title='bbox 1433 4078 1471 4134; x_wconf 85' lang='lat' dir='ltr'><strong><em>sii</em></strong></span> <span class='ocrx_word' id='word_1_565' title='bbox 1487 4078 1515 4133; x_wconf 92' lang='lat' dir='ltr'><strong><em>in</em></strong></span> <span class='ocrx_word' id='word_1_566' title='bbox 1528 4080 1555 4133; x_wconf 84' lang='lat' dir='ltr'><strong><em>te</em></strong></span> <span class='ocrx_word' id='word_1_567' title='bbox 1572 4079 1714 4148; x_wconf 85' lang='lat' dir='ltr'><strong><em>omniuo,</em></strong></span> 
     </span>
     <span class='ocr_line' id='line_1_45' title="bbox 102 4160 1719 4239; baseline 0.001 -16"><span class='ocrx_word' id='word_1_568' title='bbox 102 4181 155 4223; x_wconf 84' lang='lat' dir='ltr'><strong><em>nes</em></strong></span> <span class='ocrx_word' id='word_1_569' title='bbox 168 4162 320 4236; x_wconf 88' lang='lat' dir='ltr'><strong><em>apostolus</em></strong></span> <span class='ocrx_word' id='word_1_570' title='bbox 334 4162 363 4218; x_wconf 92' lang='lat' dir='ltr'><strong><em>in</em></strong></span> <span class='ocrx_word' id='word_1_571' title='bbox 379 4160 552 4233; x_wconf 82' lang='lat' dir='ltr'><strong><em>Apocalypsi</em></strong></span> <span class='ocrx_word' id='word_1_572' title='bbox 579 4167 703 4218; x_wconf 87' lang='lat' dir='ltr'><strong><em>testatur</em></strong></span> <span class='ocrx_word' id='word_1_573' title='bbox 717 4163 827 4222; x_wconf 85' lang='lat' dir='ltr'><strong><em>dixisse</em></strong></span> <span class='ocrx_word' id='word_1_574' title='bbox 839 4165 921 4223; x_wconf 89' lang='lat' dir='ltr'><strong><em>illum</em></strong></span> <span class='ocrx_word' id='word_1_575' title='bbox 978 4183 1061 4237; x_wconf 78' lang='lat' dir='ltr'><strong><em>esse3</em></strong></span> <span class='ocrx_word' id='word_1_576' title='bbox 1079 4185 1146 4223; x_wconf 86' lang='lat' dir='ltr'><strong><em>nam</em></strong></span> <span class='ocrx_word' id='word_1_577' title='bbox 1161 4183 1225 4223; x_wconf 87' lang='lat' dir='ltr'><strong><em>esse</em></strong></span> <span class='ocrx_word' id='word_1_578' title='bbox 1240 4184 1299 4223; x_wconf 91' lang='lat' dir='ltr'><strong><em>non</em></strong></span> <span class='ocrx_word' id='word_1_579' title='bbox 1315 4175 1357 4224; x_wconf 84' lang='lat' dir='ltr'><strong><em>esi</em></strong></span> <span class='ocrx_word' id='word_1_580' title='bbox 1373 4166 1464 4236; x_wconf 89' lang='lat' dir='ltr'><strong><em>aliud,</em></strong></span> <span class='ocrx_word' id='word_1_581' title='bbox 1480 4183 1569 4239; x_wconf 88' lang='lat' dir='ltr'><strong><em>quam</em></strong></span> <span class='ocrx_word' id='word_1_582' title='bbox 1587 4169 1669 4239; x_wconf 88' lang='lat' dir='ltr'><strong><em>quod</em></strong></span> <span class='ocrx_word' id='word_1_583' title='bbox 1685 4184 1719 4225; x_wconf 84' lang='lat' dir='ltr'><strong><em>es</em></strong></span> 
     </span>
     <span class='ocr_line' id='line_1_46' title="bbox 102 4251 1714 4327; baseline 0.001 -16"><span class='ocrx_word' id='word_1_584' title='bbox 102 4253 154 4327; x_wconf 87' lang='lat' dir='ltr'><strong><em>qui</em></strong></span> <span class='ocrx_word' id='word_1_585' title='bbox 169 4254 290 4310; x_wconf 83' lang='lat' dir='ltr'><strong><em>sedebat</em></strong></span> <span class='ocrx_word' id='word_1_586' title='bbox 307 4251 336 4306; x_wconf 91' lang='lat' dir='ltr'><strong><em>in</em></strong></span> <span class='ocrx_word' id='word_1_587' title='bbox 361 4251 486 4306; x_wconf 91' lang='lat' dir='ltr'><strong><em>throno:</em></strong></span> <span class='ocrx_word' id='word_1_588' title='bbox 505 4255 571 4308; x_wconf 78' lang='lat' dir='ltr'><strong><em>licre</em></strong></span> <span class='ocrx_word' id='word_1_589' title='bbox 584 4268 655 4307; x_wconf 84' lang='lat' dir='ltr'><strong><em>noca</em></strong></span> <span class='ocrx_word' id='word_1_590' title='bbox 668 4254 743 4320; x_wconf 76' lang='lat' dir='ltr'><strong><em>socio</em></strong></span> <span class='ocrx_word' id='word_1_591' title='bbox 757 4254 860 4321; x_wconf 83' lang='lat' dir='ltr'><strong><em>omnio,</em></strong></span> <span class='ocrx_word' id='word_1_592' title='bbox 876 4271 921 4311; x_wconf 89' lang='lat' dir='ltr'><strong><em>ee·</em></strong></span> <span class='ocrx_word' id='word_1_593' title='bbox 976 4258 1054 4315; x_wconf 82' lang='lat' dir='ltr'><strong><em>idem</em></strong></span> <span class='ocrx_word' id='word_1_594' title='bbox 1071 4256 1189 4312; x_wconf 87' lang='lat' dir='ltr'><strong><em>omnino</em></strong></span> <span class='ocrx_word' id='word_1_595' title='bbox 1209 4259 1242 4312; x_wconf 81' lang='lat' dir='ltr'><strong><em>lii</em></strong></span> <span class='ocrx_word' id='word_1_596' title='bbox 1264 4258 1334 4313; x_wconf 86' lang='lat' dir='ltr'><strong><em>anni</em></strong></span> <span class='ocrx_word' id='word_1_597' title='bbox 1347 4256 1390 4312; x_wconf 85' lang='lat' dir='ltr'><strong><em>tui</em></strong></span> <span class='ocrx_word' id='word_1_598' title='bbox 1412 4272 1466 4311; x_wconf 82' lang='lat' dir='ltr'><strong><em>non</em></strong></span> <span class='ocrx_word' id='word_1_599' title='bbox 1490 4255 1630 4325; x_wconf 70' lang='lat' dir='ltr'><strong><em>deficient.</em></strong></span> <span class='ocrx_word' id='word_1_600' title='bbox 1648 4260 1714 4313; x_wconf 81' lang='lat' dir='ltr'><strong><em>Hoc</em></strong></span> 
     </span>
     <span class='ocr_line' id='line_1_47' title="bbox 101 4339 1721 4417; baseline 0.002 -18"><span class='ocrx_word' id='word_1_601' title='bbox 101 4359 158 4416; x_wconf 87' lang='lat' dir='ltr'><strong><em>que</em></strong></span> <span class='ocrx_word' id='word_1_602' title='bbox 171 4339 390 4399; x_wconf 82' lang='lat' dir='ltr'><strong><em>vidissecoelum</em></strong></span> <span class='ocrx_word' id='word_1_603' title='bbox 404 4345 540 4397; x_wconf 85' lang='lat' dir='ltr'><strong><em>nouumet</em></strong></span> <span class='ocrx_word' id='word_1_604' title='bbox 555 4351 658 4397; x_wconf 87' lang='lat' dir='ltr'><strong><em>terram</em></strong></span> <span class='ocrx_word' id='word_1_605' title='bbox 672 4358 780 4399; x_wconf 87' lang='lat' dir='ltr'><strong><em>nouom.</em></strong></span> <span class='ocrx_word' id='word_1_606' title='bbox 797 4345 922 4401; x_wconf 78' lang='lat' dir='ltr'><strong><em>Primam</em></strong></span> <span class='ocrx_word' id='word_1_607' title='bbox 977 4349 1040 4404; x_wconf 89' lang='lat' dir='ltr'><strong><em>rius</em></strong></span> <span class='ocrx_word' id='word_1_608' title='bbox 1055 4347 1217 4417; x_wconf 81' lang='lat' dir='ltr'><strong><em>expositum</em></strong></span> <span class='ocrx_word' id='word_1_609' title='bbox 1234 4352 1288 4415; x_wconf 86' lang='lat' dir='ltr'><strong><em>cst,</em></strong></span> <span class='ocrx_word' id='word_1_610' title='bbox 1306 4347 1355 4401; x_wconf 85' lang='lat' dir='ltr'><strong><em>sed</em></strong></span> <span class='ocrx_word' id='word_1_611' title='bbox 1374 4346 1477 4417; x_wconf 84' lang='lat' dir='ltr'><strong><em>repetit</em></strong></span> <span class='ocrx_word' id='word_1_612' title='bbox 1495 4345 1580 4413; x_wconf 92' lang='lat' dir='ltr'><strong><em>illud,</em></strong></span> <span class='ocrx_word' id='word_1_613' title='bbox 1600 4349 1635 4400; x_wconf 89' lang='lat' dir='ltr'><strong><em>ut</em></strong></span> <span class='ocrx_word' id='word_1_614' title='bbox 1651 4347 1721 4403; x_wconf 78' lang='lat' dir='ltr'><strong><em>addi</em></strong></span> 
     </span>
     <span class='ocr_line' id='line_1_48' title="bbox 100 4430 1721 4507; baseline 0.002 -18"><span class='ocrx_word' id='word_1_615' title='bbox 100 4433 288 4489; x_wconf 75' lang='lat' dir='ltr'><strong><em>serimentum</em></strong></span> <span class='ocrx_word' id='word_1_616' title='bbox 315 4430 425 4485; x_wconf 87' lang='lat' dir='ltr'><strong><em>niiitet</em></strong></span> <span class='ocrx_word' id='word_1_617' title='bbox 451 4431 544 4499; x_wconf 89' lang='lat' dir='ltr'><strong><em>primo</em></strong></span> <span class='ocrx_word' id='word_1_618' title='bbox 572 4434 649 4485; x_wconf 87' lang='lat' dir='ltr'><strong><em>terro</em></strong></span> <span class='ocrx_word' id='word_1_619' title='bbox 677 4432 770 4500; x_wconf 79' lang='lat' dir='ltr'><strong><em>(lpoc.</em></strong></span> <span class='ocrx_word' id='word_1_620' title='bbox 796 4446 871 4506; x_wconf 81' lang='grc' dir='ltr'>ιιι).</span> <span class='ocrx_word' id='word_1_621' title='bbox 888 4430 965 4496; x_wconf 78' lang='lat' dir='ltr'><strong><em>nti)</em></strong></span> <span class='ocrx_word' id='word_1_622' title='bbox 1016 4436 1238 4492; x_wconf 80' lang='lat' dir='ltr'><strong><em>Filiiseruorum</em></strong></span> <span class='ocrx_word' id='word_1_623' title='bbox 1257 4439 1370 4491; x_wconf 84' lang='lat' dir='ltr'><strong><em>tuorum</em></strong></span> <span class='ocrx_word' id='word_1_624' title='bbox 1399 4434 1599 4490; x_wconf 70' lang='lat' dir='ltr'><strong><em>inhabitabunt</em></strong></span> <span class='ocrx_word' id='word_1_625' title='bbox 1618 4433 1670 4507; x_wconf 85' lang='lat' dir='ltr'><strong><em>[al.</em></strong></span> <span class='ocrx_word' id='word_1_626' title='bbox 1701 4434 1721 4492; x_wconf 70' lang='lat' dir='ltr'><strong><em>i</em></strong></span> 
     </span>
     <span class='ocr_line' id='line_1_49' title="bbox 101 4519 1721 4599; baseline 0.002 -22"><span class='ocrx_word' id='word_1_627' title='bbox 101 4520 193 4577; x_wconf 87' lang='lat' dir='ltr'><strong><em>Isaiae</em></strong></span> <span class='ocrx_word' id='word_1_628' title='bbox 208 4538 218 4572; x_wconf 89' lang='lat'><strong><em>.·</em></strong></span> <span class='ocrx_word' id='word_1_629' title='bbox 234 4524 299 4576; x_wconf 77' lang='lat' dir='ltr'><strong><em>Ecce</em></strong></span> <span class='ocrx_word' id='word_1_630' title='bbox 313 4535 361 4587; x_wconf 82' lang='lat' dir='ltr'><strong><em>epo</em></strong></span> <span class='ocrx_word' id='word_1_631' title='bbox 371 4535 433 4575; x_wconf 87' lang='lat' dir='ltr'><strong><em>creo</em></strong></span> <span class='ocrx_word' id='word_1_632' title='bbox 444 4519 539 4574; x_wconf 79' lang='lat' dir='ltr'><strong><em>melam</em></strong></span> <span class='ocrx_word' id='word_1_633' title='bbox 551 4536 652 4575; x_wconf 79' lang='lat' dir='ltr'><strong><em>neurim</em></strong></span> <span class='ocrx_word' id='word_1_634' title='bbox 666 4530 690 4575; x_wconf 82' lang='lat' dir='ltr'><strong><em>ct</em></strong></span> <span class='ocrx_word' id='word_1_635' title='bbox 703 4529 923 4590; x_wconf 72' lang='lat' dir='ltr'><strong><em>nolittmlet&#39;rom,</em></strong></span> <span class='ocrx_word' id='word_1_636' title='bbox 980 4525 1057 4599; x_wconf 75' lang='lat' dir='ltr'><strong><em>iant]</em></strong></span> <span class='ocrx_word' id='word_1_637' title='bbox 1074 4524 1124 4584; x_wconf 81' lang='lat' dir='ltr'><strong><em>ili.</em></strong></span> <span class='ocrx_word' id='word_1_638' title='bbox 1141 4529 1166 4578; x_wconf 91' lang='lat' dir='ltr'><strong><em>et</em></strong></span> <span class='ocrx_word' id='word_1_639' title='bbox 1180 4540 1269 4580; x_wconf 86' lang='lat' dir='ltr'><strong><em>semen</em></strong></span> <span class='ocrx_word' id='word_1_640' title='bbox 1285 4540 1379 4581; x_wconf 76' lang='lat' dir='ltr'><strong><em>cortem</em></strong></span> <span class='ocrx_word' id='word_1_641' title='bbox 1404 4526 1433 4578; x_wconf 86' lang='lat' dir='ltr'><strong><em>in</em></strong></span> <span class='ocrx_word' id='word_1_642' title='bbox 1449 4525 1581 4580; x_wconf 76' lang='lat' dir='ltr'><strong><em>seculum</em></strong></span> <span class='ocrx_word' id='word_1_643' title='bbox 1598 4525 1721 4594; x_wconf 78' lang='lat' dir='ltr'><strong><em>diripcte</em></strong></span> 
     </span>
     <span class='ocr_line' id='line_1_50' title="bbox 101 4610 1713 4683; baseline 0.002 -17"><span class='ocrx_word' id='word_1_644' title='bbox 101 4614 127 4666; x_wconf 89' lang='lat' dir='ltr'><strong><em>et</em></strong></span> <span class='ocrx_word' id='word_1_645' title='bbox 141 4624 196 4665; x_wconf 86' lang='lat' dir='ltr'><strong><em>noa</em></strong></span> <span class='ocrx_word' id='word_1_646' title='bbox 210 4612 293 4664; x_wconf 64' lang='lat' dir='ltr'><strong><em>cuent</em></strong></span> <span class='ocrx_word' id='word_1_647' title='bbox 304 4611 332 4663; x_wconf 87' lang='lat' dir='ltr'><strong><em>in</em></strong></span> <span class='ocrx_word' id='word_1_648' title='bbox 346 4610 479 4664; x_wconf 88' lang='lat' dir='ltr'><strong><em>memorio</em></strong></span> <span class='ocrx_word' id='word_1_649' title='bbox 489 4610 660 4681; x_wconf 72' lang='lat' dir='ltr'><strong><em>priorallsu.</em></strong></span> <span class='ocrx_word' id='word_1_650' title='bbox 678 4611 749 4682; x_wconf 77' lang='lat' dir='ltr'><strong><em>cxv).</em></strong></span> <span class='ocrx_word' id='word_1_651' title='bbox 768 4615 797 4666; x_wconf 95' lang='lat' dir='ltr'><strong><em>ln</em></strong></span> <span class='ocrx_word' id='word_1_652' title='bbox 815 4614 924 4683; x_wconf 85' lang='lat' dir='ltr'><strong><em>Apoca-</em></strong></span> <span class='ocrx_word' id='word_1_653' title='bbox 1016 4616 1126 4677; x_wconf 73' lang='lat' dir='ltr'><strong><em>lurcos</em></strong></span> <span class='ocrx_word' id='word_1_654' title='bbox 1141 4619 1185 4670; x_wconf 84' lang='lat' dir='ltr'><strong><em>esi</em></strong></span> <span class='ocrx_word' id='word_1_655' title='bbox 1200 4613 1342 4670; x_wconf 87' lang='lat' dir='ltr'><strong><em>Dominus</em></strong></span> <span class='ocrx_word' id='word_1_656' title='bbox 1357 4619 1385 4669; x_wconf 89' lang='lat' dir='ltr'><strong><em>et</em></strong></span> <span class='ocrx_word' id='word_1_657' title='bbox 1397 4614 1554 4683; x_wconf 78' lang='lat' dir='ltr'><strong><em>benignus,</em></strong></span> <span class='ocrx_word' id='word_1_658' title='bbox 1580 4613 1713 4683; x_wconf 78' lang='lat' dir='ltr'><strong><em>gloriam</em></strong></span> 
     </span>
     <span class='ocr_line' id='line_1_51' title="bbox 101 4695 1712 4772; baseline 0.001 -16"><span class='ocrx_word' id='word_1_659' title='bbox 101 4696 383 4771; x_wconf 81' lang='lat' dir='ltr'><strong><em>lypsivarclcannis</em></strong></span> <span class='ocrx_word' id='word_1_660' title='bbox 397 4695 515 4767; x_wconf 80' lang='lat' dir='ltr'><strong><em>legitur,</em></strong></span> <span class='ocrx_word' id='word_1_661' title='bbox 528 4699 712 4769; x_wconf 84' lang='lat' dir='ltr'><strong><em>quodcicitas</em></strong></span> <span class='ocrx_word' id='word_1_662' title='bbox 727 4701 924 4772; x_wconf 85' lang='lat' dir='ltr'><strong><em>nonepetsoie‚</em></strong></span> <span class='ocrx_word' id='word_1_663' title='bbox 979 4704 1201 4760; x_wconf 85' lang='lat' dir='ltr'><strong><em>communicans</em></strong></span> <span class='ocrx_word' id='word_1_664' title='bbox 1217 4702 1307 4760; x_wconf 87' lang='lat' dir='ltr'><strong><em>servis</em></strong></span> <span class='ocrx_word' id='word_1_665' title='bbox 1322 4703 1394 4759; x_wconf 80' lang='lat' dir='ltr'><strong><em>suis.</em></strong></span> <span class='ocrx_word' id='word_1_666' title='bbox 1412 4703 1454 4756; x_wconf 80' lang='lat' dir='ltr'><strong><em>liri</em></strong></span> <span class='ocrx_word' id='word_1_667' title='bbox 1474 4718 1553 4770; x_wconf 76' lang='lat' dir='ltr'><strong><em>ergo,</em></strong></span> <span class='ocrx_word' id='word_1_668' title='bbox 1570 4701 1600 4756; x_wconf 93' lang='lat' dir='ltr'><strong><em>id</em></strong></span> <span class='ocrx_word' id='word_1_669' title='bbox 1616 4707 1662 4757; x_wconf 85' lang='lat' dir='ltr'><strong><em>est</em></strong></span> <span class='ocrx_word' id='word_1_670' title='bbox 1679 4704 1712 4758; x_wconf 92' lang='lat' dir='ltr'><strong><em>in</em></strong></span> 
     </span>
     <span class='ocr_line' id='line_1_52' title="bbox 101 4783 1721 4864; baseline 0.002 -20"><span class='ocrx_word' id='word_1_671' title='bbox 101 4788 315 4859; x_wconf 65' lang='lat' dir='ltr'><strong><em>aequaturum</em></strong></span> <span class='ocrx_word' id='word_1_672' title='bbox 331 4783 440 4840; x_wconf 83' lang='lat' dir='ltr'><strong><em>luceant</em></strong></span> <span class='ocrx_word' id='word_1_673' title='bbox 457 4788 612 4852; x_wconf 71' lang='lat' dir='ltr'><strong><em>insumam</em></strong></span> <span class='ocrx_word' id='word_1_674' title='bbox 626 4789 743 4843; x_wconf 86' lang='lat' dir='ltr'><strong><em>claritas</em></strong></span> <span class='ocrx_word' id='word_1_675' title='bbox 759 4790 926 4846; x_wconf 84' lang='lat' dir='ltr'><strong><em>lleiillumi-</em></strong></span> <span class='ocrx_word' id='word_1_676' title='bbox 980 4792 1229 4857; x_wconf 65' lang='lat' dir='ltr'><strong><em>celsinianiam,</em></strong></span> <span class='ocrx_word' id='word_1_677' title='bbox 1253 4793 1280 4847; x_wconf 94' lang='lat' dir='ltr'><strong><em>id</em></strong></span> <span class='ocrx_word' id='word_1_678' title='bbox 1298 4796 1342 4848; x_wconf 81' lang='lat' dir='ltr'><strong><em>esi</em></strong></span> <span class='ocrx_word' id='word_1_679' title='bbox 1358 4796 1497 4864; x_wconf 85' lang='lat' dir='ltr'><strong><em>perpetuo</em></strong></span> <span class='ocrx_word' id='word_1_680' title='bbox 1516 4792 1721 4862; x_wconf 84' lang='lat' dir='ltr'><strong><em>permanebun</em></strong></span> 
     </span>
     <span class='ocr_line' id='line_1_53' title="bbox 102 4875 1722 4951; baseline 0.003 -19"><span class='ocrx_word' id='word_1_681' title='bbox 102 4879 153 4932; x_wconf 86' lang='lat' dir='ltr'><strong><em>not</em></strong></span> <span class='ocrx_word' id='word_1_682' title='bbox 177 4892 250 4941; x_wconf 83' lang='lat' dir='ltr'><strong><em>earn,</em></strong></span> <span class='ocrx_word' id='word_1_683' title='bbox 264 4875 418 4931; x_wconf 86' lang='lat' dir='ltr'><strong><em>utlucernc</em></strong></span> <span class='ocrx_word' id='word_1_684' title='bbox 432 4875 491 4944; x_wconf 84' lang='lat' dir='ltr'><strong><em>ejus</em></strong></span> <span class='ocrx_word' id='word_1_685' title='bbox 506 4884 546 4929; x_wconf 87' lang='lat' dir='ltr'><strong><em>est</em></strong></span> <span class='ocrx_word' id='word_1_686' title='bbox 562 4876 655 4944; x_wconf 77' lang='lat' dir='ltr'><strong><em>lpum</em></strong></span> <span class='ocrx_word' id='word_1_687' title='bbox 675 4885 755 4949; x_wconf 73' lang='lat' dir='ltr'><strong><em>apoc.</em></strong></span> <span class='ocrx_word' id='word_1_688' title='bbox 773 4879 841 4947; x_wconf 89' lang='grc' dir='ltr'>ιιι).</span> <span class='ocrx_word' id='word_1_689' title='bbox 856 4881 925 4935; x_wconf 84' lang='lat' dir='ltr'><strong><em>liem</em></strong></span> <span class='ocrx_word' id='word_1_690' title='bbox 980 4898 1119 4939; x_wconf 87' lang='lat' dir='ltr'><strong><em>seruorum</em></strong></span> <span class='ocrx_word' id='word_1_691' title='bbox 1131 4890 1251 4947; x_wconf 82' lang='lat' dir='ltr'><strong><em>tuorum,</em></strong></span> <span class='ocrx_word' id='word_1_692' title='bbox 1264 4882 1292 4937; x_wconf 91' lang='lat' dir='ltr'><strong><em>id</em></strong></span> <span class='ocrx_word' id='word_1_693' title='bbox 1309 4887 1354 4936; x_wconf 87' lang='lat' dir='ltr'><strong><em>est</em></strong></span> <span class='ocrx_word' id='word_1_694' title='bbox 1365 4881 1526 4936; x_wconf 82' lang='lat' dir='ltr'><strong><em>imitatores</em></strong></span> <span class='ocrx_word' id='word_1_695' title='bbox 1537 4879 1722 4951; x_wconf 87' lang='lat' dir='ltr'><strong><em>apostclcrm</em></strong></span> 
     </span>
     <span class='ocr_line' id='line_1_54' title="bbox 103 4965 1721 5044; baseline 0.001 -20"><span class='ocrx_word' id='word_1_696' title='bbox 103 4967 196 5025; x_wconf 87' lang='lat' dir='ltr'><strong><em>Isaiae</em></strong></span> <span class='ocrx_word' id='word_1_697' title='bbox 212 4983 219 5022; x_wconf 74' lang='grc' dir='ltr'><strong><em>τ</em></strong></span> <span class='ocrx_word' id='word_1_698' title='bbox 237 4967 295 5023; x_wconf 84' lang='lat' dir='ltr'><strong><em>Non</em></strong></span> <span class='ocrx_word' id='word_1_699' title='bbox 321 4968 373 5021; x_wconf 86' lang='lat' dir='ltr'><strong><em>erit</em></strong></span> <span class='ocrx_word' id='word_1_700' title='bbox 386 4965 440 5020; x_wconf 79' lang='lat' dir='ltr'><strong><em>rici·</em></strong></span> <span class='ocrx_word' id='word_1_701' title='bbox 466 4967 586 5035; x_wconf 83' lang='lat' dir='ltr'><strong><em>amplios</em></strong></span> <span class='ocrx_word' id='word_1_702' title='bbox 601 4968 641 5022; x_wconf 89' lang='lat' dir='ltr'><strong><em>sol</em></strong></span> <span class='ocrx_word' id='word_1_703' title='bbox 655 4968 690 5023; x_wconf 84' lang='lat' dir='ltr'><strong><em>ml</em></strong></span> <span class='ocrx_word' id='word_1_704' title='bbox 719 4970 864 5025; x_wconf 82' lang='lat' dir='ltr'><strong><em>lucendum</em></strong></span> <span class='ocrx_word' id='word_1_705' title='bbox 879 4985 927 5042; x_wconf 90' lang='lat' dir='ltr'><strong><em>per</em></strong></span> <span class='ocrx_word' id='word_1_706' title='bbox 981 4971 1141 5044; x_wconf 83' lang='lat' dir='ltr'><strong><em>supradicti</em></strong></span> <span class='ocrx_word' id='word_1_707' title='bbox 1158 4977 1227 5027; x_wconf 90' lang='lat' dir='ltr'><strong><em>sunt</em></strong></span> <span class='ocrx_word' id='word_1_708' title='bbox 1242 4970 1317 5027; x_wconf 80' lang='lat' dir='ltr'><strong><em>servi</em></strong></span> <span class='ocrx_word' id='word_1_709' title='bbox 1339 4971 1382 5026; x_wconf 94' lang='lat' dir='ltr'><strong><em>tui</em></strong></span> <span class='ocrx_word' id='word_1_710' title='bbox 1399 4987 1406 5026; x_wconf 76' lang='grc' dir='ltr'>ε</span> <span class='ocrx_word' id='word_1_711' title='bbox 1424 4986 1476 5026; x_wconf 88' lang='lat' dir='ltr'><strong><em>nec</em></strong></span> <span class='ocrx_word' id='word_1_712' title='bbox 1493 4973 1606 5025; x_wconf 85' lang='lat' dir='ltr'><strong><em>iactum</em></strong></span> <span class='ocrx_word' id='word_1_713' title='bbox 1624 4969 1721 5043; x_wconf 75' lang='lat' dir='ltr'><strong><em>ipssa</em></strong></span> 
     </span>
     <span class='ocr_line' id='line_1_55' title="bbox 102 5054 1721 5131; baseline 0.002 -18"><span class='ocrx_word' id='word_1_714' title='bbox 102 5057 185 5125; x_wconf 71' lang='lat' dir='ltr'><strong><em>diem</em></strong></span> <span class='ocrx_word' id='word_1_715' title='bbox 201 5072 251 5112; x_wconf 82' lang='lat' dir='ltr'><strong><em>nec</em></strong></span> <span class='ocrx_word' id='word_1_716' title='bbox 264 5055 392 5126; x_wconf 85' lang='lat' dir='ltr'><strong><em>splendor</em></strong></span> <span class='ocrx_word' id='word_1_717' title='bbox 408 5055 481 5111; x_wconf 79' lang='lat' dir='ltr'><strong><em>tune</em></strong></span> <span class='ocrx_word' id='word_1_718' title='bbox 489 5054 665 5112; x_wconf 80' lang='lat' dir='ltr'><strong><em>illuminabit</em></strong></span> <span class='ocrx_word' id='word_1_719' title='bbox 679 5062 715 5122; x_wconf 84' lang='lat' dir='ltr'><strong><em>tc,</em></strong></span> <span class='ocrx_word' id='word_1_720' title='bbox 731 5058 847 5115; x_wconf 85' lang='lat' dir='ltr'><strong><em>sederit</em></strong></span> <span class='ocrx_word' id='word_1_721' title='bbox 864 5059 925 5127; x_wconf 82' lang='lat' dir='ltr'><strong><em>tici,</em></strong></span> <span class='ocrx_word' id='word_1_722' title='bbox 981 5078 1045 5119; x_wconf 90' lang='lat' dir='ltr'><strong><em>rum</em></strong></span> <span class='ocrx_word' id='word_1_723' title='bbox 1063 5060 1126 5126; x_wconf 84' lang='lat' dir='ltr'><strong><em>filii,</em></strong></span> <span class='ocrx_word' id='word_1_724' title='bbox 1138 5062 1187 5117; x_wconf 91' lang='lat' dir='ltr'><strong><em>sed</em></strong></span> <span class='ocrx_word' id='word_1_725' title='bbox 1199 5077 1296 5118; x_wconf 84' lang='lat' dir='ltr'><strong><em>eoram</em></strong></span> <span class='ocrx_word' id='word_1_726' title='bbox 1307 5076 1410 5128; x_wconf 84' lang='lat' dir='ltr'><strong><em>semen,</em></strong></span> <span class='ocrx_word' id='word_1_727' title='bbox 1422 5059 1451 5114; x_wconf 92' lang='lat' dir='ltr'><strong><em>id</em></strong></span> <span class='ocrx_word' id='word_1_728' title='bbox 1468 5062 1513 5115; x_wconf 89' lang='lat' dir='ltr'><strong><em>est</em></strong></span> <span class='ocrx_word' id='word_1_729' title='bbox 1523 5073 1629 5115; x_wconf 85' lang='lat' dir='ltr'><strong><em>omnes</em></strong></span> <span class='ocrx_word' id='word_1_730' title='bbox 1644 5060 1698 5131; x_wconf 92' lang='lat' dir='ltr'><strong><em>qui</em></strong></span> <span class='ocrx_word' id='word_1_731' title='bbox 1714 5075 1721 5116; x_wconf 83' lang='lat' dir='ltr'><strong><em>t</em></strong></span> 
     </span>
     <span class='ocr_line' id='line_1_56' title="bbox 102 5145 1721 5223; baseline 0.001 -19"><span class='ocrx_word' id='word_1_732' title='bbox 102 5145 234 5204; x_wconf 83' lang='lat' dir='ltr'><strong><em>Dominus</em></strong></span> <span class='ocrx_word' id='word_1_733' title='bbox 248 5146 376 5201; x_wconf 83' lang='lat' dir='ltr'><strong><em>intorem</em></strong></span> <span class='ocrx_word' id='word_1_734' title='bbox 392 5146 595 5214; x_wconf 81' lang='lat' dir='ltr'><strong><em>smrrpilernom,</em></strong></span> <span class='ocrx_word' id='word_1_735' title='bbox 611 5149 638 5201; x_wconf 90' lang='lat' dir='ltr'><strong><em>et</em></strong></span> <span class='ocrx_word' id='word_1_736' title='bbox 669 5150 924 5216; x_wconf 79' lang='lat' dir='ltr'><strong><em>ncestuosinplo·</em></strong></span> <span class='ocrx_word' id='word_1_737' title='bbox 982 5151 1068 5206; x_wconf 87' lang='lat' dir='ltr'><strong><em>lldem</em></strong></span> <span class='ocrx_word' id='word_1_738' title='bbox 1085 5155 1216 5223; x_wconf 85' lang='lat' dir='ltr'><strong><em>elopem</em></strong></span> <span class='ocrx_word' id='word_1_739' title='bbox 1240 5149 1405 5217; x_wconf 87' lang='lat' dir='ltr'><strong><em>imitantur,</em></strong></span> <span class='ocrx_word' id='word_1_740' title='bbox 1430 5147 1588 5217; x_wconf 79' lang='lat' dir='ltr'><strong><em>diripentctr</em></strong></span> <span class='ocrx_word' id='word_1_741' title='bbox 1607 5146 1639 5203; x_wconf 90' lang='lat' dir='ltr'><strong><em>in</em></strong></span> <span class='ocrx_word' id='word_1_742' title='bbox 1670 5164 1721 5206; x_wconf 77' lang='lat' dir='ltr'><strong><em>sesi</em></strong></span> 
     </span>
     <span class='ocr_line' id='line_1_57' title="bbox 102 5234 1721 5309; baseline 0.001 -19"><span class='ocrx_word' id='word_1_743' title='bbox 102 5236 262 5292; x_wconf 87' lang='lat' dir='ltr'><strong><em>riomtuum</em></strong></span> <span class='ocrx_word' id='word_1_744' title='bbox 272 5235 335 5299; x_wconf 84' lang='lat' dir='ltr'><strong><em>(lto.</em></strong></span> <span class='ocrx_word' id='word_1_745' title='bbox 349 5234 598 5301; x_wconf 78' lang='lat' dir='ltr'><strong><em>ux).ldcmautem</em></strong></span> <span class='ocrx_word' id='word_1_746' title='bbox 611 5234 681 5290; x_wconf 86' lang='lat' dir='ltr'><strong><em>alibi</em></strong></span> <span class='ocrx_word' id='word_1_747' title='bbox 693 5237 773 5301; x_wconf 87' lang='lat' dir='ltr'><strong><em>dicit,</em></strong></span> <span class='ocrx_word' id='word_1_748' title='bbox 787 5238 927 5308; x_wconf 84' lang='lat' dir='ltr'><strong><em>quoderit</em></strong></span> <span class='ocrx_word' id='word_1_749' title='bbox 981 5239 1092 5306; x_wconf 72' lang='lat' dir='ltr'><strong><em>saeculi,</em></strong></span> <span class='ocrx_word' id='word_1_750' title='bbox 1108 5239 1162 5295; x_wconf 89' lang='lat' dir='ltr'><strong><em>hoo</em></strong></span> <span class='ocrx_word' id='word_1_751' title='bbox 1178 5244 1223 5295; x_wconf 89' lang='lat' dir='ltr'><strong><em>est</em></strong></span> <span class='ocrx_word' id='word_1_752' title='bbox 1236 5238 1265 5294; x_wconf 90' lang='lat' dir='ltr'><strong><em>in</em></strong></span> <span class='ocrx_word' id='word_1_753' title='bbox 1278 5237 1450 5295; x_wconf 72' lang='lat' dir='ltr'><strong><em>aternitatis</em></strong></span> <span class='ocrx_word' id='word_1_754' title='bbox 1460 5237 1583 5309; x_wconf 76' lang='lat' dir='ltr'><strong><em>gloriani</em></strong></span> <span class='ocrx_word' id='word_1_755' title='bbox 1599 5237 1721 5309; x_wconf 66' lang='lat' dir='ltr'><strong><em>perduci</em></strong></span> 
     </span>
    </p>
   </div>
   <div class='ocr_carea' id='block_1_3' title="bbox 103 5323 1721 5487">
    <p class='ocr_par' dir='ltr' id='par_1_3' title="bbox 103 5323 1721 5487">
     <span class='ocr_line' id='line_1_58' title="bbox 103 5323 1721 5400; baseline 0.005 -23"><span class='ocrx_word' id='word_1_756' title='bbox 103 5323 155 5378; x_wconf 75' lang='lat' dir='ltr'><strong><em>lucc</em></strong></span> <span class='ocrx_word' id='word_1_757' title='bbox 165 5323 617 5391; x_wconf 56' lang='lat' dir='ltr'><strong><em>innecteretluceolisetsslurcsolit</em></strong></span> <span class='ocrx_word' id='word_1_758' title='bbox 627 5326 682 5379; x_wconf 86' lang='lat' dir='ltr'><strong><em>erit</em></strong></span> <span class='ocrx_word' id='word_1_759' title='bbox 703 5327 924 5398; x_wconf 83' lang='lat' dir='ltr'><strong><em>septempliciter,</em></strong></span> <span class='ocrx_word' id='word_1_760' title='bbox 983 5329 1224 5395; x_wconf 40' lang='lat' dir='ltr'><strong><em>lintaecnclusic,</em></strong></span> <span class='ocrx_word' id='word_1_761' title='bbox 1235 5345 1300 5400; x_wconf 78' lang='lat' dir='ltr'><strong><em>ques</em></strong></span> <span class='ocrx_word' id='word_1_762' title='bbox 1312 5327 1459 5385; x_wconf 79' lang='lat' dir='ltr'><strong><em>felicitatis</em></strong></span> <span class='ocrx_word' id='word_1_763' title='bbox 1468 5331 1582 5385; x_wconf 80' lang='lat' dir='ltr'><strong><em>aterna</em></strong></span> <span class='ocrx_word' id='word_1_764' title='bbox 1592 5327 1721 5400; x_wconf 76' lang='lat' dir='ltr'><strong><em>gandia:</em></strong></span> 
     </span>
     <span class='ocr_line' id='line_1_59' title="bbox 103 5409 1085 5487; baseline 0.006 -19"><span class='ocrx_word' id='word_1_765' title='bbox 103 5409 927 5487; x_wconf 79' lang='lat' dir='ltr'><strong><em>sicotlucreptemdiercm,indieqaeoltipaoeritliominur</em></strong></span> <span class='ocrx_word' id='word_1_766' title='bbox 984 5418 1085 5475; x_wconf 84' lang='lat' dir='ltr'><strong><em>mittit.</em></strong></span> 
     </span>
    </p>
   </div>
   <div class='ocr_carea' id='block_1_4' title="bbox 0 0 1911 5986">
    <p class='ocr_par' dir='ltr' id='par_1_4' title="bbox 0 0 1911 5986">
     <span class='ocr_line' id='line_1_60' title="bbox 0 0 1911 5986; baseline 0 0"><span class='ocrx_word' id='word_1_767' title='bbox 0 0 1911 5986; x_wconf 95' lang='lat' dir='ltr'><strong><em> </em></strong></span> 
     </span>
    </p>
   </div>
  </div>
 </body>
</html>
