3796 5986
81 190 151 304 nn
676 224 1198 286 sumnonaunrurnacssra
1753 225 1791 284 nn

82 380 242 431 ramcvsrs.
258 365 391 434 Cumque
406 361 525 432 propter
548 354 604 410 hnc
632 350 761 426 predicti
791 347 906 404 abbatis
921 352 947 414 Α
963 349 1013 421 qui
1029 365 1093 405 cum
1112 350 1188 407 dieto
1204 350 1310 407 abbate
1332 356 1533 407 remanserant
1547 348 1575 406 in
1608 351 1790 408 monasterio

62 455 242 520 ‚muntiiad
271 453 369 511 sedem
399 443 590 519 apostolicam
619 439 824 505 accessissent,
853 452 907 493 nos
962 438 1140 509 supradicto,
1159 437 1382 509 pradictust.
1398 437 1648 510 postelcctionarn
1665 440 1790 495 tuamin

82 549 213 608 valentes
230 541 364 600 Ecclesia
380 536 531 610 providero
547 531 747 605 potiusquam
765 542 906 600 personae,
963 525 1097 582 abbatem
1114 526 1402 584 iueratnominatus.
1431 532 1490 584 Nos
1519 528 1609 600 igitur
1630 528 1791 587 intellectis

85 639 163 713 quod
180 633 341 702 adelegatn
355 631 455 683 nostra
472 624 579 679 lactum
590 620 684 675 lucrat
698 633 756 672 nnn
769 615 908 672 duximus
963 630 1026 686 qua
1045 615 1159 673 tuerent
1187 617 1256 672 hinc
1285 617 1353 672 inda
1370 618 1530 689 proposita,
1556 618 1791 676 nominationem

963 704 1089 775 predicti
1099 705 1146 761 Pb.
1164 711 1305 779 tanquam
1313 705 1790 777 frivolam,irritamdeccrnentes,

963 790 1134 850 alentionem
1151 795 1223 851 dcta
1238 795 1343 851 iactam
1361 796 1535 852 auctoritate
1551 794 1792 868 apostolicsenn·

964 879 1119 937 llrmamus
1129 889 1158 937 et
1171 884 1342 940 transeundi
1360 885 1396 940 ab
1411 883 1533 940 ecclesia
1549 890 1600 940 tua
1614 886 1651 940 ad
1667 886 1790 943 Nouan-

963 969 1099 1026 tulauum
1112 973 1322 1028 monasterium
1337 971 1504 1029 facultatem
1522 972 1643 1029 liberam
1655 973 1790 1047 indulge·

965 1075 1032 1114 mus
1048 1075 1098 1132 per
1111 1060 1274 1134 apostolica
1290 1060 1340 1117 tibi
1357 1062 1668 1134 scriptamandsntcs3
1686 1069 1789 1136 quate·

964 1164 1021 1205 nus
1037 1165 1136 1206 curam
1153 1150 1217 1222 ejus
1232 1167 1387 1207 assumens
1402 1150 1499 1207 taliter
1515 1151 1540 1207 si
1557 1152 1676 1208 studeas
1692 1154 1791 1224 provi·

964 1238 1044 1308 dere,
1061 1242 1093 1293 nt
1108 1255 1159 1311 per
1169 1244 1227 1295 ture
1237 1238 1446 1295 sollicitudinis
1459 1240 1590 1296 studium
1604 1243 1631 1296 et
1647 1241 1791 1315 spiritua·

964 1326 1044 1383 libus
1061 1327 1349 1400 proliciutinstitutis
1377 1332 1405 1384 et
1432 1328 1646 1401 temporalibus
1670 1329 1792 1387 auxiliis

964 1420 1181 1488 augmentetur.
1219 1415 1364 1474 Volumus
1401 1417 1489 1474 etiam
1530 1417 1726 1476 nihilominus
1762 1422 1793 1477 et

965 1505 1143 1562 mandamus
1161 1510 1193 1561 ut
1202 1507 1289 1577 juxta
1305 1507 1429 1562 turmam
1445 1522 1533 1579 quam
1565 1507 1704 1579 predicto
1729 1509 1793 1582 epi·

964 1595 1114 1666 scoposub
1127 1594 1544 1669 bullanoslradirigimustam
1553 1596 1793 1668 supralldclitate

964 1682 1049 1738 nobis
1064 1691 1092 1738 et
1109 1684 1243 1740 Ecclesia
1267 1689 1404 1740 Romanas
1422 1685 1596 1757 prestanda,
1607 1700 1695 1756 quam
1707 1684 1793 1740 inde·

966 1770 1087 1828 mnitate
1103 1773 1272 1829 monasterii
1288 1772 1426 1829 exbibens
1438 1773 1467 1828 in
1483 1774 1549 1845 ejus
1561 1774 1698 1830 manibus
1710 1774 1793 1846 Jura·

966 1865 1111 1916 mentum.

1002 1948 1105 2005 Datum
1124 1950 1258 2006 Laterani
1273 1967 1314 2007 xu
1329 1950 1473 2008 Kalendas
1497 1950 1579 2021 tulii,
1601 1950 1793 2024 pnnlillcalus

968 2037 1060 2094 nostri
1078 2055 1154 2093 anuo
1170 2043 1285 2110 quarto.

1330 2155 1423 2212 xliii.

968 2244 1009 2301 td
1023 2243 1156 2300 decanam
1184 2244 1251 2316 (51),
1279 2253 1306 2301 et
1333 2244 1557 2302 archidiaconum
1585 2245 1793 2304 imbinnansea.

1003 2345 1037 2356 —
1052 2317 1084 2373 tlt
1098 2315 1264 2372 sententiam
1278 2319 1571 2372 excommunicationis
1584 2317 1669 2372 intem
1696 2328 1795 2376 contre

1006 2387 1158 2456 Bnrgeauen
1181 2387 1274 2443 sancti
1293 2387 1454 2455 luminari,
1482 2404 1535 2460 pro
1562 2388 1666 2458 infriata
1694 2393 1794 2446 deten-

1004 2461 1079 2515 tione
1106 2459 1249 2529 cujusdnm
1273 2474 1355 2530 ccam
1382 2470 1463 2531 utque
1488 2461 1672 2531 quarumdam
1709 2463 1795 2533 putu·

1003 2530 1078 2584 itum.
1110 2534 1145 2585 nrt
1172 2531 1317 2586 eccleciam
1340 2535 1430 2588 sancti
1458 2533 1564 2587 Bertini
1590 2532 1623 2588 de
1636 2534 1698 2602 inre
1715 2549 1794 2603 spec·

1004 2603 1135 2669 tentiam,
1164 2604 1269 2670 ticiani
1297 2619 1381 2674 nangae
1407 2602 1444 2658 ud
1467 2602 1630 2675 ccasdipnnm
1664 2606 1796 2676 satisfac-

1002 2676 1105 2729 tionem
1120 2673 1325 2730 inuiclubititer
1339 2674 1488 2731 obseruari.

1142 2772 1237 2842 (Auno
1253 2771 1331 2826 1201.
1344 2772 1461 2844 Signina,
1474 2771 1545 2828 tulii
1563 2772 1618 2843 11.)

969 2869 1021 2938 [Ex
1035 2868 1169 2924 Ambivio
1182 2868 1280 2925 Sancti
1298 2871 1418 2935 Bertini,
1438 2887 1528 2954 capsa
1555 2871 1685 2942 Pcpnlt'c.
1700 2885 1733 2927 u⁰
1747 2872 1793 2927 52.

1240 2941 1418 3005 ancurenr.
1436 2942 1519 3015 ibid]

1003 3056 1214 3127 Sigrridcsrunt
1228 3057 1325 3113 dilecti
1342 3057 1404 3126 lilii,
1420 3059 1512 3115 abbas
1522 3060 1578 3131 (55)
1590 3064 1618 3115 et
1628 3065 1793 3116 conventus

1195 3149 1295 3217 ,quod
1325 3146 1498 3203 venerabilis
1515 3151 1603 3205 l'ratar
1631 3153 1732 3204 unster
1732 3185 1789 3203 .....

83 724 292 788 revocandum,
308 718 358 775 scd
375 720 471 770 ratum
489 709 586 783 potius
597 708 625 763 id
637 706 909 762 habentescnnven-

10 870 13 875 .
83 814 128 872 tui
143 809 349 870 Nonnntulano
365 800 582 866 mandavimus,
598 800 631 853 ut
646 797 682 851 de
697 791 908 864 eonsilioejus·

86 906 153 963 (lem
179 897 306 974 episcopi
323 905 478 968 personam
494 889 629 943 idcircum
659 901 710 957 per
738 881 909 938 electionem

34 1010 37 1014 ·
86 990 257 1051 canonicam
274 985 331 1042 sibi
345 980 526 1056 prebuerant
546 977 575 1031 in
593 974 740 1029 abbatem.
758 972 815 1044 lpsi
841 986 909 1042 ergo

17 1058 22 1069 ¹
86 1078 319 1140 advocationem
334 1068 467 1144 ejusdcm
496 1062 625 1138 episcopi
655 1059 859 1118 convenientes
879 1059 909 1113 in

85 1147 911 1228 unumteinnbbatcmsibiunanimiterelegcrunt.Uude

85 1276 153 1318 cum
168 1254 268 1313 dilecti
285 1251 337 1308 litii
363 1251 392 1305 Α.
411 1245 491 1319 prior
517 1242 648 1313 eiusdem
675 1236 857 1305 monasterii,
875 1234 908 1292 G.

1 1342 2 1346 ¹
85 1347 286 1407 subdiaconus
301 1343 400 1396 noster
414 1341 444 1392 et
458 1331 567 1390 nobilis
581 1330 625 1386 vir
637 1327 765 1385 tscnbus
780 1328 816 1383 de
835 1326 909 1382 Fon-

85 1442 166 1505 tuna,
178 1434 335 1490 advocatus
351 1425 444 1499 ipsius
459 1419 630 1480 monasterii
647 1416 742 1473 nuntii
758 1433 824 1471 curn
836 1414 911 1471 litte·

86 1526 127 1583 ris
141 1529 202 1580 tam
218 1519 351 1593 ejusdam
368 1512 499 1588 episcopi
523 1525 612 1584 quam
628 1511 789 1564 conventus
804 1505 838 1560 nd
856 1521 908 1560 un·

66 1618 178 1672 atram
195 1607 380 1683 presentiam
410 1601 581 1659 accedentes
598 1597 737 1671 predicta
763 1593 848 1650 nobis
861 1608 911 1664 per

86 1703 220 1762 ordinem
236 1696 417 1760 retulissent,
432 1690 557 1747 dilectus
573 1686 651 1743 illius
665 1685 713 1742 W.
731 1681 909 1741 Nonantula-

88 1809 146 1851 nus
161 1786 334 1847 monachus.
348 1780 516 1854 supervenit
531 1782 592 1834 tam
608 1793 642 1833 ex
658 1791 712 1832 sna
733 1788 821 1846 quam
839 1786 910 1844 qun·

88 1881 225 1940 rumdam
246 1875 371 1934 aliorum
396 1867 607 1926 monachorum
631 1869 713 1938 parte
734 1877 911 1935 proponens,

88 1970 166 2045 quod
178 1966 316 2025 dilectum
326 1963 420 2018 filium
433 1959 483 2015 Ph.
494 1957 721 2029 Pompusianum
734 1950 912 2008 monachum

7 2094 12 2103 ι
88 2059 144 2118 sibi
160 2057 308 2131 elegerant
322 2054 350 2109 in
367 2051 515 2115 abbatem,
531 2050 633 2103 contra
648 2041 819 2099 alentionem
833 2041 869 2095 de
884 2043 913 2096 ta

3 2174 6 2179 ·
87 2149 194 2207 lactem
206 2157 366 2218 opponens,
379 2138 457 2212 quod
468 2137 498 2193 in
509 2153 543 2192 cs
554 2151 610 2191 nou
624 2133 719 2189 lucrat
730 2131 822 2186 lnrma
833 2143 914 2185 man·

86 2237 148 2295 dati
163 2233 258 2292 nostri
274 2234 399 2289 servata.
415 2232 488 2284 Nam
502 2241 570 2282 num
586 2239 641 2280 nos
656 2221 751 2276 eidem
775 2218 913 2291 episcopo

88 2323 256 2382 dederimus
271 2322 299 2376 in
312 2315 472 2386 mandatis,
489 2317 521 2370 ut
532 2311 673 2368 sdlncum
684 2307 915 2379 accederat,ipsa

89 2416 124 2472 ad
142 2409 354 2470 monasterium
385 2423 443 2463 non
473 2400 675 2468 accessit,sed
704 2395 912 2453 monaebnsad

90 2519 175 2563 suam
203 2497 391 2574 praeentiam
419 2490 599 2559 convocavit,
616 2493 646 2545 ct
673 2502 819 2544 cornmsa
848 2485 915 2540 iacit

91 2591 262 2651 electionem
274 2582 450 2659 hujusmodi
458 2580 608 2638 celebrari.
616 2575 825 2650 ttbjecitetiam
837 2575 912 2644 quad

91 2681 169 2738 idem
184 2677 341 2752 episcopus
356 2668 645 2729 litteraanoatraseis
663 2665 757 2723 noluit
767 2663 914 2731 exhibere,

3 2752 11 2789 Ι·
92 2770 161 2829 licet
175 2768 283 2839 sapius
294 2762 465 2836 requisitus,
477 2758 618 2830 adjiciens
629 2755 715 2811 tertio
727 2753 804 2826 «pund
816 2753 846 2806 in
858 2750 915 2807 cle-

94 2859 190 2917 ntione
203 2856 268 2929 ipsa
283 2850 450 2909 Simoniana
461 2847 588 2922 pravitas
603 2842 760 2900 intervenit
790 2840 833 2895 Ad
853 2839 915 2895 hac

93 2952 193 3005 autera
210 2942 265 3001 luit
279 2958 314 2999 cx
342 2940 463 2996 adverso
487 2949 670 3007 responsum,
685 2931 763 3004 quod
788 2945 855 2986 cum
871 2927 915 2984 di·

93 3040 160 3093 ctus
174 3032 266 3090 abbas
274 3034 341 3104 post
352 3026 562 3099 depositionem
570 3038 654 3078 suam
667 3015 915 3076 administrationi

91 3119 264 3181 monasterii
280 3114 467 3173 ambitiosius
480 3112 674 3180 incumberet,
689 3108 734 3165 vel
754 3105 851 3180 potius
865 3105 913 3161 in·
929 3104 951 3172 (2
971 3145 1067 3202 sancti
1085 3147 1190 3202 Rerum

93 3195 914 3280 cubaret,episcopusconsanguineorumejuspntentiam

92 3301 204 3358 veritus
227 3304 257 3354 et
271 3292 494 3352 multitudinem
522 3287 716 3350 vassalorum.
741 3292 769 3341 et
791 3284 869 3356 qund
883 3299 917 3338 co

95 3392 239 3464 prasente
253 3382 388 3441 monachi
404 3380 513 3453 eligere
527 3377 619 3434 libera
632 3391 689 3432 non
706 3374 857 3440 auderent,
868 3387 918 3426 eos

94 3495 154 3538 uon
169 3475 282 3534 vocavit
296 3474 330 3530 ad
349 3473 445 3528 locum
460 3473 642 3536 extraneum,
653 3464 703 3520 sed
716 3464 750 3519 ad
760 3461 918 3535 quemdam

96 3568 231 3641 ejusdam
245 3563 374 3622 ecclesie
386 3561 557 3634 prioratum.
574 3552 797 3611 Praetereaidem
809 3550 920 3623 episco-

98 3675 166 3733 pus,
181 3657 257 3714 sicut
272 3653 433 3728 pradictus
446 3648 606 3706 monachus
623 3649 723 3717 postea
743 3641 919 3712 recognovit,

96 3749 206 3806 iecerat
221 3742 374 3801 monachis
398 3737 567 3813 astantibus
594 3735 708 3808 copiam
734 3732 920 3788 litterarum:

95 3836 148 3894 ssd
159 3851 227 3892 cum
238 3834 295 3904 ipsi
311 3847 361 3888 eas
372 3828 429 3887 eibi
439 3829 508 3884 dare
520 3827 651 3898 peterent
661 3823 696 3878 ad
708 3818 919 3877 monasterium

96 3923 282 3989 dcinrendas,
298 3917 467 3990 intelligens
479 3916 559 3987 ipsos
574 3911 737 3968 delationes
760 3908 877 3964 t'rivnlas
892 3912 921 3962 ct

91 4013 260 4072 occasiones
271 4023 400 4083 querere
412 4002 714 4077 malignandi,enrum
727 3998 844 4054 malitia
861 4013 918 4052 nnn

93 4102 250 4162 consentit.
262 4101 340 4156 idem
352 4110 469 4170 quoquc
479 4087 919 4161 monachusdiligentiusrequi·

91 4193 169 4250 situs
180 4189 369 4265 postmodum
385 4191 430 4242 cst
444 4183 609 4247 confessus,
635 4180 712 4252 quod
727 4179 756 4232 in
778 4176 918 4233 electione

90 4277 348 4339 tuaintcrvenissc
363 4274 513 4331 nesciebat
527 4269 717 4329 simonianam
734 4265 916 4338 pravitatem.

90 4371 143 4429 Sed
162 4370 192 4425 in
206 4385 240 4425 en
255 4371 372 4423 tantum
389 4363 526 4420 credebat
541 4375 606 4417 csse
634 4357 775 4414 delictum
791 4355 869 4428 quod
887 4354 917 4409 in

971 3235 1125 3307 episcopus
1141 3236 1209 3306 (56),
1224 3243 1252 3290 at
1277 3234 1402 3292 dilectus
1424 3237 1537 3292 iilius...
1568 3236 1794 3293 archidiaconus

971 3325 1181 3389 Atrebatensis,
1199 3325 1355 3395 judicesa
1383 3326 1452 3382 sede
1478 3326 1638 3397 apostolica
1666 3325 1794 3399 delegati

973 3429 1061 3485 super
1076 3417 1201 3484 quadam
1218 3431 1295 3486 aqua
1310 3419 1338 3469 et
1366 3415 1544 3485 quibusdam
1575 3413 1734 3487 paludibus
1758 3416 1794 3470 sd

973 3500 1125 3557 ecclesiam
1141 3502 1238 3557 Sancti
1265 3500 1374 3557 Bertini
1391 3502 1426 3558 de
1444 3503 1512 3573 jure
1540 3503 1754 3576 spectantibus,
1770 3503 1798 3558 in

973 3589 1138 3662 Burgenscs
1153 3591 1240 3646 castri
1255 3591 1353 3646 Sancti
1368 3592 1526 3648 audomari
1543 3609 1594 3664 pro
1609 3593 1797 3649 contumacis

973 3678 1285 3734 excommunicationis
1301 3680 1476 3736 sententiam
1505 3682 1644 3736 canonice
1668 3681 1799 3752 protule-

974 3772 1052 3837 runt,
1070 3783 1156 3839 quam
1184 3768 1240 3839 ipsi
1268 3768 1430 3841 burgenses
1458 3769 1611 3843 negligunt
1630 3770 1797 3826 observare.

974 3856 1110 3927 ideoque,
1124 3856 1292 3912 discretioni
1308 3862 1408 3912 vestre
1438 3874 1489 3930 per
1512 3856 1672 3930 apostoliea
1687 3857 1798 3931 scripta

974 3946 1473 4017 mandamus.quatenus'eamdem
1502 3947 1690 4012 sententiam,
1721 3947 1799 4003 sicut

899 4085 904 4097 ,
973 4032 1188 4089 rationabiliter
1203 4033 1327 4100 lateant,
1342 4035 1455 4091 laniatis
1471 4051 1561 4106 usque
1573 4035 1607 4091 ad
1620 4033 1795 4108 condignam

972 4122 1202 4179 satisfactionem
1218 4122 1402 4180 inviolabiter
1414 4124 1561 4180 observari
1575 4143 1583 4195 ;
1609 4124 1700 4181 nullis
1725 4125 1796 4181 obs·

971 4210 1103 4266 lantibus
1120 4211 1235 4278 litteris,
1251 4212 1362 4269 veritati
1377 4218 1405 4266 et
1426 4214 1550 4285 justitiae
1579 4212 1795 4285 prejudicanti-

971 4301 1037 4369 bus,
1053 4317 1070 4355 a
1085 4301 1154 4356 sade
1170 4300 1329 4372 spinetolira
1345 4301 1520 4374 impetratis.

1008 4388 1111 4445 ilatum
1128 4389 1244 4462 Signia,
1258 4407 1274 4445 v
1290 4389 1358 4445 ldus
1373 4389 1454 4461 Julii,
1485 4391 1673 4464 pontificatus
1701 4391 1795 4449 nostri

92 4447 915 4544 monastarinNnnantulannnnniucratjuxtaconsuetu·
929 4472 953 4539 D
968 4495 1043 4535 anno
1059 4484 1174 4550 quarm·

89 4547 189 4604 dinem
209 4544 365 4601 celebrata.
383 4536 596 4608 objicientibus
608 4552 723 4608 qunque
738 4535 915 4590 adversariis

88 4635 196 4694 iterum
211 4637 257 4691 est
272 4632 420 4693 ecclesus.
436 4628 512 4697 cuod
529 4625 704 4697 aquisque,
735 4623 785 4694 qui
799 4622 835 4678 ab
852 4623 912 4693 epi·

1364 4596 1395 4651 L.

89 4740 179 4798 scopo
195 4723 376 4778 recesserant
392 4720 553 4774 memorato
581 4718 611 4770 et
638 4712 818 4784 quibusdam
848 4709 915 4766 aliia
967 4708 1348 4781 anconitanensem,
1375 4709 1483 4767 Sanctae
1498 4710 1592 4767 lteris
1620 4710 1687 4781 (58),
1703 4715 1731 4765 et
1759 4710 1795 4767 de

136 4922 183 4995 51)
196 4919 269 4976 Vide
284 4919 318 4974 ad
335 4912 495 4986 Epistolam
513 4910 593 4968 Libri
609 4908 686 4966 tertii
701 4925 759 4975 xm,
776 4914 837 4965 not.

967 4906 1794 4980 adsnpcrspicuumest.D.abbssGrandidierinnotula,

135 4995 181 5064 55)
196 4992 267 5048 Vids
282 4991 317 5048 ad
330 4986 489 5058 Epistolam
504 5000 574 5041 xvur
584 4981 761 5055 appendicis
776 4980 876 5051 hujus.
967 4979 1209 5053 queitpograpiao
1223 4996 1275 5035 suo
1286 4978 1543 5049 Gallrnsexprcssa
1556 4980 1771 5050 subjiciebatur
1786 4997 1793 5036 :

122 5068 178 5137 (56)
192 5063 264 5120 Vide
279 5063 314 5118 ad
327 5059 486 5142 Epistolam
506 5055 580 5111 Libri
598 5055 673 5111 tertii
685 5071 750 5117 xxv,
767 5058 827 5107 not.

966 5052 1193 5124 lla'ogttieides
1211 5051 1342 5107 nitesce
1363 5053 1390 5106 S.
1420 5051 1516 5107 Pierrc
1541 5052 1611 5107 dana
1640 5053 1669 5106 tn
1696 5054 1793 5106 Ferit-

123 5139 181 5209 (57)
196 5136 268 5201 Quis
284 5136 372 5191 luerit
387 5137 456 5186 tuac
478 5127 618 5200 temporis
634 5125 729 5208 ibbas
745 5122 911 5206 blcnasterii
966 5126 1057 5191 Noire,
1073 5123 1266 5180 daFOrdrede
1279 5123 1309 5204 3.
1336 5124 1449 5185 Bcnott,·
1475 5122 1508 5178 de
1531 5121 1737 5210 Scinio-limis,
1759 5123 1795 5178 rte

87 5208 210 5266 &Petri
237 5208 267 5262 in
299 5201 631 5277 Nigra-Silva‚prorsns
660 5194 912 5269 ignorarunvms
967 5193 1432 5276 rurali-anescapnam-etde
1453 5194 1600 5276 recinet,
1628 5193 1661 5248 dc
1689 5193 1796 5251 lOrdre

89 5278 346 5337 dcitcnrimnon.
364 5278 436 5342 tv,
456 5290 482 5328 c.
500 5268 828 5340 mancipationem
846 5271 911 5322 tan·
965 5265 1406 5336 decttenca.Varum‚qurds1t
1435 5266 1644 5321 Mananterrum
1673 5268 1703 5321 si.
1732 5265 1795 5320 Ma-

87 5351 242 5408 tummodc
258 5349 414 5419 leguntur:

122 5444 138 5475 a
153 5421 213 5477 Vll.
225 5419 419 5489 Marquardus
435 5414 559 5471 moritur
574 5427 651 5468 anno
667 5409 748 5465 ll83.

123 5491 229 5548 «Vllt.
246 5488 421 5547 Berthcidus
436 5488 447 5542 1
462 5489 612 5556 superstes
629 5483 664 5538 ad
677 5496 787 5537 annum
804 5480 882 5536 1220.
896 5485 910 5531 n

966 5342 1026 5398 rias.
1040 5338 1160 5394 Ordinis
1173 5339 1200 5392 S.
1215 5337 1386 5408 Augustini,
1401 5337 1437 5391 ad
1454 5338 1539 5409 cujus
1554 5337 1689 5392 abbatem
1704 5336 1793 5409 dirigi

986 5411 1095 5468 ntuerit
1111 5408 1172 5464 baec
1186 5409 1344 5464 iunocentii
1359 5406 1497 5480 Epistola,
1514 5424 1567 5464 nos
1582 5408 1718 5481 ignorare
1729 5424 1795 5479 pre-

964 5427 1090 5539 iremus.
1108 5480 1202 5548 Certe,
1219 5479 1334 5536 nullum
1349 5478 1378 5536 S.
1395 5479 1504 5547 Marisa,
1529 5477 1649 5537 Ordinis
1672 5477 1703 5535 S.
1732 5484 1793 5536 Au·

121 5564 179 5639 (58)
193 5563 234 5620 Da
249 5561 334 5633 nutare
348 5557 514 5617 llonasterii
526 5556 637 5612 ¹lbbale
652 5553 700 5611 hic
715 5556 830 5626 agatur,
850 5568 909 5610 non
924 5588 929 5600 ·
964 5553 1088 5629 gustini,
1104 5551 1326 5621 Monasterium,
1343 5551 1442 5610 necin
1457 5550 1642 5624 moguntina,
1658 5550 1694 5607 ad
1711 5550 1793 5623 quod
