3796 5986
37 220 41 229 ’
139 201 198 303 aas
231 236 233 241 ’
738 251 786 304 su
804 200 1012 303 innocuum
1032 248 1070 302 vu
1086 247 1255 304 aeonem
1799 241 1855 299 etc

142 374 216 430 vidit
243 375 333 433 abbas
348 375 383 431 de
398 372 481 431 Valla
497 371 662 445 (amsancti
674 371 749 428 Petri
761 373 790 426 et
800 370 964 426 monachus
979 371 1007 438 Α
1021 368 1221 426 diaecesanum
1245 370 1427 443 episcopum,
1442 367 1486 426 vel
1502 368 1567 440 ejus
1583 367 1738 424 officialem
1759 368 1852 425 habe·

144 464 209 535 ejus
223 468 252 518 et
267 464 366 536 plures
381 463 417 520 de
432 462 551 536 populo,
568 478 657 534 quam
677 460 835 517 Bethdum.
859 458 969 516 Deinde
1023 457 1098 513 bunt
1112 475 1265 515 recursum
1279 484 1287 526 ς
1303 460 1327 515 si
1342 476 1408 515 varo
1424 459 1650 531 crucesignatus
1664 457 1855 530 habeatpos·

144 553 175 608 in
192 551 248 609 alia
263 554 389 610 statione
403 553 432 609 iu
441 553 488 608 die
499 553 597 610 Sancti
610 549 750 606 Boniiacii
761 548 839 621 apud
851 552 968 620 portum
1024 548 1172 605 suasiones
1186 565 1250 620 qua
1266 548 1393 604 debeant
1402 547 1528 617 talliam,
1541 547 1645 603 reddet
1655 545 1769 602 talliam
1782 561 1817 601 ac
1828 547 1851 602 ai

145 639 255 712 Frisia,
271 642 323 713 qui
339 639 469 698 Dcchum
485 641 667 705 nominatur,
684 638 734 694 ubi
752 640 855 693 beatus
882 636 968 692 Boui—
1024 652 1082 692 nou
1097 643 1175 694 essct
1189 637 1434 708 crucesignatus3
1450 641 1480 692 et
1495 637 1519 693 si
1537 640 1624 709 negat
1645 635 1852 708 possessiones

146 729 241 786 lacius
256 730 398 802 martyrio
414 729 469 785 tuit
489 733 655 794 coronatus,
671 726 808 799 apparuit
822 742 893 782 crux
907 741 968 780 me·
1023 725 1128 781 debere
1143 725 1266 797 talliam,
1279 726 1525 798 probetnrcoram
1535 725 1701 782 diaecesanc
1711 724 1849 796 episcopo

145 819 282 891 gua,qui
300 817 462 875 eramusiu
492 817 620 873 statione
647 814 755 888 Aprilis
784 814 851 887 plus
879 829 967 886 quam
1022 813 1068 869 vel
1083 816 1149 885 ejus
1164 813 1294 872 officiali.
1310 814 1350 871 De
1364 813 1579 886 crucesignatis
1604 813 1793 870 manentibus
1819 814 1849 869 in

146 907 258 973 decem,
272 905 376 973 millia,
392 911 426 962 ut
440 905 581 962 creditur.
596 903 782 961 siticulosis
809 908 872 961 erat
886 919 968 972 crux,
1023 903 1201 960 communiis
1221 904 1360 973 dicimus,
1377 904 1455 975 quud
1470 905 1495 960 si
1510 921 1527 960 a
1542 903 1714 960 communia
1736 902 1849 974 aliquid

28 1064 31 1069 Ι
145 1012 209 1068 qua
224 995 367 1068 paulatim
385 994 600 1051 movebaturiu
617 993 781 1060 aare,acsi
804 991 969 1047 traheretur
1024 992 1301 1065 accipiantprcpter
1319 991 1477 1048 exercitum
1505 992 1653 1065 regis,vel
1677 991 1848 1048 clausuram

144 1100 197 1156 per
212 1083 390 1152 funiculum,
407 1083 491 1156 quasi
506 1083 562 1139 iter
577 1084 791 1138 demonstraret
805 1079 968 1153 peregrinis
1022 1082 1107 1152 villa,
1124 1081 1167 1137 vel
1183 1081 1384 1138 defensionem
1400 1080 1474 1138 villa
1495 1082 1531 1138 ab
1555 1081 1685 1137 inimicis
1707 1081 1848 1146 obsessa,

143 1173 372 1245 navigaturisad
385 1177 493 1228 terram
503 1170 722 1246 promissionis,
734 1170 810 1226 inter
822 1169 967 1241 lluropam
1022 1170 1066 1226 vel
1081 1172 1256 1228 communia
1271 1171 1403 1227 debitum
1422 1171 1529 1227 lactum
1551 1175 1581 1227 et
1601 1172 1736 1242 juratum
1764 1170 1848 1226 reddi

142 1249 171 1317 a't
184 1262 325 1317 Africam.
342 1264 374 1318 ln
390 1267 476 1333 gente
488 1267 586 1317 autem
603 1259 653 1315 illa
664 1260 694 1314 in
710 1275 770 1333 qua
784 1257 846 1313 bac
871 1257 967 1314 conti·
1024 1263 1180 1331 antequam
1196 1275 1312 1315 crucem
1333 1263 1529 1326 assumerent,
1545 1264 1658 1333 partem
1686 1275 1771 1315 suam
1798 1275 1849 1330 pc·

75 1382 78 1387 ‚
145 1353 261 1428 gerunt,
277 1354 487 1420 computantur
502 1347 822 1421 quinquagintamillia
836 1346 968 1418 signato·
1024 1354 1094 1403 nent
1107 1346 1137 1403 in
1162 1348 1253 1420 prisia
1280 1349 1357 1405 sicut
1378 1353 1407 1404 et
1430 1347 1479 1404 alii
1503 1364 1561 1403 nou
1582 1347 1792 1419 crucesignati.
1810 1351 1849 1403 De

146 1443 295 1507 summoto
311 1439 404 1494 millia
418 1437 616 1494 scutariorum
634 1442 663 1493 et
679 1435 759 1492 mille
767 1434 966 1491 loricatorum.
1023 1435 1121 1493 debito
1137 1453 1203 1493 vero
1218 1442 1367 1493 contracto
1384 1453 1400 1493 a
1416 1437 1586 1494 communia
1603 1443 1668 1510 pust
1692 1437 1789 1493 crucis
1800 1452 1848 1492 as·

146 1524 357 1584 Sciatiaautem
369 1532 510 1584 totnaves
521 1525 678 1599 preparari
698 1526 733 1582 ad
752 1522 967 1596 expeditionem
1022 1526 1234 1596 sumptionem,
1250 1526 1394 1581 immunis
1419 1525 1476 1581 erit
1498 1525 1528 1582 in
1554 1527 1801 1598 peregrinatione.
1818 1525 1848 1580 Si

147 1616 217 1673 lesu
233 1615 352 1684 Christi,
369 1616 446 1689 quod
464 1615 612 1672 credimus
627 1616 662 1670 de
674 1613 736 1670 sola
752 1612 900 1684 provincis
914 1610 967 1668 Cu·
1023 1612 1132 1669 baillivi
1144 1613 1256 1670 domiui
1268 1615 1345 1686 regis
1355 1613 1483 1686 aliquem
1493 1615 1731 1687 crucesignatum
1743 1615 1847 1686 depro-

146 1704 273 1762 lnuiensi
288 1704 423 1777 amplius
433 1720 523 1775 quem
544 1708 691 1759 trecentas
705 1718 794 1758 naves
818 1701 968 1757 onerarias
982 1743 1007 1810 B
1022 1701 1179 1759 henderint
1192 1704 1228 1758 ad
1245 1719 1375 1776 presens
1390 1703 1575 1769 lorelactum,
1587 1719 1640 1776 pro
1660 1718 1718 1775 quc
1742 1703 1848 1759 debeat

100 1866 103 1873 ἱ
146 1795 337 1867 profecturas,
354 1794 508 1867 replendas
521 1793 592 1849 viris
606 1791 808 1857 bellaturidus,
824 1790 916 1846 armis
940 1795 969 1845 et
1023 1791 1850 1863 membrismutilari‚velvitamamitteresecundumcnn·

142 1882 335 1953 victualibus,
351 1899 385 1940 ac
401 1881 607 1939 instrumentis
633 1881 757 1937 bellicis.
778 1880 845 1935 liae
869 1884 967 1935 autem
1022 1881 1210 1937 suetudinem
1226 1880 1313 1936 curia
1329 1880 1490 1947 saecularis,
1504 1880 1627 1937 ecclesia
1641 1896 1699 1937 non
1710 1881 1848 1936 deteneat

143 1971 318 2044 scripsimus
333 1971 561 2042 vobisquoniam
575 1970 610 2025 ad
622 1968 759 2025 militiam
770 1968 841 2024 lesu
858 1967 967 2023 Christi
1022 1984 1088 2023 eum
1100 1966 1144 2025 vel
1161 1985 1207 2025 res
1222 1970 1286 2037 eJus
1299 1986 1306 2037 ;
1318 1969 1349 2026 in
1364 1970 1431 2025 aliis
1446 1974 1544 2027 autem
1558 1968 1716 2026 levioribus
1736 1973 1766 2025 et
1790 1969 1845 2025 mi·

141 2060 224 2118 vobis
239 2060 397 2117 salubriter
413 2065 442 2117 et
462 2061 557 2116 l'crra
586 2062 711 2124 Sancta,
740 2063 773 2113 ut
801 2072 967 2128 speramus,
1022 2057 1143 2113 neribus
1159 2057 1317 2126 forefactis,
1334 2075 1385 2131 pro
1401 2059 1510 2131 quibus
1521 2074 1578 2115 non
1590 2058 1846 2115 debeatmembris

144 2148 257 2206 utiliter
271 2149 378 2222 signati
398 2149 480 2217 estis,
510 2147 616 2204 obnixe
642 2151 777 2219 rogantes
806 2151 839 2201 ut
866 2160 967 2201 cruce·
1022 2145 1164 2214 mutilari,
1181 2146 1223 2203 vel
1244 2147 1331 2203 vitam
1355 2149 1499 2219 amittere,
1524 2148 1679 2204 nnndebet
1702 2146 1844 2204 Baillieus

145 2239 269 2312 signatis
285 2239 405 2311 propitii
421 2236 498 2305 sitis,
509 2242 539 2293 et
549 2236 702 2308 Judicibus
716 2251 791 2307 quos
806 2234 885 2308 apud
908 2234 967 2291 Na·
1021 2248 1129 2305 corpus
1144 2234 1339 2308 crucesignati
1353 2235 1397 2292 vel
1413 2252 1458 2292 res
1470 2236 1535 2307 ejus
1545 2233 1712 2308 capsrc,vel
1722 2240 1842 2308 captum

48 2354 52 2361 ·
146 2343 281 2385 muscum
298 2326 509 2384 constituimus
526 2323 710 2381 favorabiles.
727 2322 837 2381 Valete.
1022 2323 1163 2394 detinere,
1179 2323 1250 2396 quin
1263 2324 1368 2380 reddat
1382 2325 1519 2380 absolute
1534 2325 1632 2397 ipsum
1648 2328 1678 2380 et
1699 2340 1745 2380 res
1771 2340 1844 2381 suaa

533 2414 585 2470 CC.
1022 2411 1156 2468 Ecclesia
1172 2413 1333 2485 requirenti
1350 2429 1402 2483 pro
1413 2414 1481 2485 jure
1497 2413 1640 2470 iaciendo.
1656 2412 1685 2468 si
1700 2418 1801 2470 autem
1813 2414 1844 2469 in

218 2503 345 2578 Philippi
358 2506 385 2561 ll
396 2503 612 2562 stabilimentum
630 2504 895 2572 crucesignatorum.
1022 2500 1084 2557 loro
1100 2502 1231 2558 Ecclesia
1247 2502 1399 2558 convictus
1415 2502 1503 2558 luerit
1515 2503 1551 2559 de
1566 2501 1778 2571 taliicrsiactc,
1793 2517 1846 2572 pro

456 2594 551 2665 (Anno
567 2592 659 2663 1214.)
1023 2606 1081 2662 qun
1096 2590 1200 2645 dedeat
1211 2589 1448 2662 Juxtajudicium
1460 2589 1648 2647 secularium
1658 2589 1847 2647 cousuetudi-

204 2681 238 2755 [ll
254 2681 411 2751 d'Acsanv,
427 2681 565 2754 Spiriteq.
582 2681 628 2736 ed.
646 2681 675 2735 iu
692 2679 754 2736 tol..
772 2680 821 2746 111,
837 2680 910 2747 572]
1022 2694 1090 2735 nem
1105 2679 1248 2735 membris
1264 2678 1405 2749 mutilari,
1420 2679 1465 2736 vel
1473 2681 1561 2736 vitam
1569 2678 1848 2750 amittere,licclesia

181 2771 325 2827 Noveritis
339 2771 417 2842 quod
435 2787 490 2826 uos
506 2768 686 2840 perdilectus
696 2774 725 2824 et
735 2768 837 2824 fideles
849 2772 967 2824 uestros
1022 2784 1076 2824 nec
1087 2769 1187 2840 ipsum
1203 2784 1256 2824 nec
1271 2785 1317 2825 res
1333 2770 1397 2840 ejus
1413 2769 1542 2842 amplius
1557 2770 1713 2838 deiendat;
1729 2770 1766 2824 de
1779 2767 1847 2825 aliis

145 2858 265 2916 Paruum
283 2858 477 2915 Parisienaem
490 2863 519 2914 et
534 2858 693 2914 Gussmurs
712 2858 966 2929 sylvanectensem
1022 2856 1174 2914 convictus
1188 2858 1217 2912 in
1234 2858 1295 2914 loro
1311 2857 1456 2929 Ecclesia,
1472 2859 1635 2915 secuudum
1651 2858 1844 2915 cousuetudi-

144 2949 308 3021 episcopos,
325 2965 360 3005 ex
374 2963 497 3004 assensu
514 2945 626 3002 domiui
638 2945 727 3020 legati
753 2946 876 3002 lecimus
900 2943 967 3000 dili·
1023 2962 1089 3002 nem
1104 2945 1179 3001 villa
1194 2947 1331 3003 emendet
1347 2947 1426 3004 laese.
1443 2948 1524 3014 Quod
1540 2948 1564 3006 si
1580 2948 1721 3005 domiuus
1733 2963 1782 3003 rex
1794 2944 1847 3003 sli-

145 3041 248 3111 geuter
262 3036 383 3110 inquiri,
400 3035 526 3109 qualiter
540 3040 642 3090 sancta
661 3033 791 3091 Ecclesia
815 3033 968 3089 consuevit
1023 3037 1070 3092 cui
1086 3036 1190 3108 burgo,
1205 3036 1250 3092 vel
1266 3035 1388 3106 civitati,
1401 3037 1445 3094 vel
1461 3037 1581 3094 castello
1597 3038 1775 3094 concesserit
1786 3036 1845 3091 im·

145 3126 302 3183 defendere
315 3125 544 3197 crucesignatos,
560 3129 589 3178 et
603 3123 733 3195 ipsorum
750 3122 967 3193 crucesignato·
982 3108 1004 3177 G
1024 3124 1413 3195 munitatemexcercitus,⁴si
1426 3130 1505 3199 petat
1514 3143 1564 3183 rex
1574 3125 1687 3197 aliquid
1697 3127 1733 3182 de
1743 3125 1845 3198 eisprc

147 3230 213 3271 rum
226 3215 390 3282 libertatem
402 3211 971 3284 quilectaiuquisitione,prcboncpacis
1023 3213 1162 3281 exercitu,
1177 3215 1373 3287 crucesignati
1389 3216 1483 3288 primo
1498 3232 1575 3272 auno
1591 3214 1664 3270 nihii
1679 3220 1800 3287 ponent.

66 3350 70 3357 ,
148 3305 227 3360 inter
252 3318 374 3376 regnum
395 3307 424 3358 et
447 3301 655 3366 sacerdotium,
683 3315 777 3370 usque
798 3299 833 3355 ad
854 3299 970 3356 instans
1060 3301 1101 3358 Ds
1116 3301 1209 3359 leodis
1223 3310 1320 3359 autem
1336 3309 1364 3359 et
1378 3303 1505 3361 censivis
1525 3304 1701 3377 respoudeat
1718 3303 1846 3360 crucesi-

149 3392 306 3449 concilium
324 3392 489 3448 Romanum
505 3390 563 3446 iata
575 3389 677 3446 volunt
692 3389 850 3446 obseruari.
1024 3397 1131 3463 gnatus
1146 3407 1244 3448 coram
1261 3391 1380 3448 domiuo
1396 3393 1471 3449 leodi
1488 3392 1532 3451 vel
1545 3393 1679 3464 censiva,
1695 3402 1723 3450 st
1738 3393 1764 3449 ai
1776 3408 1846 3465 gra-

70 3486 73 3493 “
186 3480 291 3538 Nullus
302 3481 525 3553 crucesignatus
536 3479 692 3550 burgensis
702 3477 747 3535 vel
758 3478 897 3547 rusticus,
911 3479 971 3534 sive
1024 3480 1084 3537 vati
1100 3480 1219 3547 luerint,
1236 3486 1387 3538 recurrant
1402 3483 1438 3537 ad
1454 3483 1625 3554 episcopum
1641 3481 1685 3539 vel
1702 3482 1767 3554 ejus
1778 3481 1847 3538 ciii·

152 3576 297 3626 mercator
312 3569 399 3625 luerit
409 3571 470 3625 sive
486 3585 555 3639 nou,
572 3569 666 3640 primo
680 3584 758 3623 enon
772 3583 828 3637 quo
853 3582 970 3624 crucem
1025 3566 1847 3644 cialem.Siverocrucesignatusccnveniatquemcuuque

148 3656 704 3731 assumpsit,tallietur,nisitalliaprius
724 3656 811 3712 luerit
830 3654 970 3727 imposita
1024 3659 1224 3715 Christianum
1240 3675 1330 3731 super
1345 3660 1444 3716 debito
1466 3659 1511 3718 vel
1538 3659 1651 3728 mobili,
1666 3659 1711 3716 vel
1735 3659 1848 3731 injuria

148 3764 237 3821 quam
248 3763 365 3804 crucem
375 3752 539 3803 assumeret
550 3762 557 3814 ;
567 3745 631 3802 etsi
643 3742 971 3817 primcanunimpositu
1024 3748 1168 3821 corporali
1183 3749 1240 3805 sibi
1255 3748 1347 3817 illata,
1363 3750 1407 3806 vel
1431 3751 1622 3808 conveniatur
1637 3767 1654 3807 a
1668 3750 1846 3809 Christianis

146 3832 970 3906 fuerit,immuniseritsecuudoanno,nisieliquidecci·
1024 3836 1844 3911 superpraemissis,alecticuemhabetccuveniendieum

146 3925 245 3998 piatur
258 3941 311 3998 pro
325 3924 465 3980 exercitu.
481 3925 561 3980 Tunc
576 3927 673 3980 autem
698 3922 810 3978 tulliam
826 3937 892 3977 esse
913 3921 968 3977 im·
1023 3928 1080 3985 sub
1091 3927 1192 3998 judice
1203 3927 1335 3984 saculeri
1350 3928 1393 3985 vel
1409 3928 1619 3997 ecclesiastico,
1636 3929 1765 4000 subque
1781 3945 1838 3986 ma·

146 4015 273 4087 positam
289 4012 493 4085 intelligimus,
506 4013 624 4085 quaudo
639 4012 843 4069 denuntiatum
860 4016 906 4066 est
919 4008 969 4066 ali·
1023 4015 1121 4073 luerit.
1137 4015 1243 4072 Nullus
1258 4017 1481 4090 crucesignatus
1496 4023 1613 4075 tensum
1628 4018 1804 4090 respondere
1814 4018 1845 4074 iu

147 4102 266 4172 ⁰111,ch
282 4104 383 4159 domui
399 4106 621 4175 tumultuatum
652 4100 756 4158 debelti
781 4100 906 4165 Solvere,
923 4100 968 4155 vsi
1022 4106 1085 4164 loro
1100 4105 1245 4175 seculari,
1261 4107 1356 4163 sedin
1372 4105 1583 4173 ecclesiastico,
1598 4107 1726 4179 exceptis
1750 4105 1846 4162 taedis

146 4208 254 4266 ponere
265 4192 294 4247 in
310 4190 483 4257 tallia.Quia
498 4207 564 4248 vero
579 4194 694 4247 constat
708 4191 743 4246 de
757 4188 969 4245 consuetudine
1022 4200 1051 4252 st
1065 4194 1203 4264 censivis,
1219 4195 1256 4250 de
1278 4195 1386 4266 quibus
1410 4195 1569 4268 litigabunt
1591 4211 1690 4251 coram
1715 4193 1846 4251 dominis

146 4280 468 4338 hactenuaobteniain
489 4297 578 4353 regno
604 4279 741 4347 Francia,
758 4279 836 4350 quod
866 4293 967 4333 cruce·
1022 4284 1172 4341 feodorum
1188 4284 1434 4354 etesnsivarum3
1451 4285 1778 4358 depossnasiousquam
1796 4299 1847 4356 pa·

145 4368 254 4443 signati
270 4370 395 4427 debeant
407 4369 579 4440 exercitum,
593 4368 650 4425 nisi
664 4384 717 4440 per
728 4366 856 4441 speciale
877 4365 966 4440 privi-
1022 4371 1104 4428 cifice
1118 4376 1276 4429 tenuerunt
1286 4373 1425 4445 perdiem
1438 4377 1600 4442 stannum,
1610 4375 1704 4431 donec
1716 4372 1845 4446 perisce-

144 4458 255 4533 legium
269 4457 380 4514 domiui
393 4459 470 4532 regis
481 4460 540 4514 siut
553 4461 690 4531 exempti,
702 4457 832 4514 dicimus
847 4455 925 4528 quod
936 4455 967 4511 in
983 4479 1006 4546 D
1023 4460 1084 4517 rint
1099 4461 1362 4533 peregrinationem
1378 4462 1570 4519 observentur
1584 4463 1737 4535 predicta.
1748 4460 1778 4518 Si
1792 4477 1846 4517 au·

39 4558 42 4562 ’
144 4548 305 4605 exercitum
330 4547 456 4620 quilibet
470 4547 692 4617 crucesignatus
708 4549 744 4603 de
761 4563 852 4618 supra
877 4544 966 4602 dictis
1021 4553 1079 4605 tem
1095 4565 1184 4621 super
1199 4549 1315 4630 negotio
1335 4551 1608 4624 crucesignatorum
1631 4550 1738 4624 aliquas
1764 4566 1845 4606 cova

145 4636 189 4695 ire
203 4643 328 4706 tenetur,
344 4637 405 4694 sive
420 4641 487 4693 ante
502 4637 680 4704 citationem,
698 4637 759 4694 sive
775 4640 840 4709 post
864 4651 965 4691 crucc-
1020 4636 1220 4694 dubitationes
1234 4639 1417 4707 emerserint,
1429 4640 1464 4696 ad
1474 4640 1549 4697 duca
1560 4639 1714 4712 pradictus
1729 4638 1845 4712 episcc-

146 4727 287 4798 signetur,
304 4727 328 4782 si
344 4731 443 4782 tamen
455 4726 560 4782 debeat
568 4724 741 4796 exercitum,
752 4729 781 4780 et
791 4723 816 4780 si
828 4741 876 4780 rex
887 4723 967 4780 vide·
1021 4741 1075 4798 pos
1090 4732 1267 4783 recurratur.

145 4815 184 4873 rit
198 4815 335 4889 expedire
348 4815 425 4888 quod
441 4814 509 4870 villa
525 4814 624 4870 mittat
653 4819 683 4871 iu
712 4812 884 4882 exercitum,
902 4829 966 4868 ser·
1057 4815 1845 4889 lataprnbonopacispertntcmdomaniumdomini

144 4905 260 4962 aientes
275 4905 373 4977 potius
389 4920 477 4976 quam
493 4901 536 4959 illi
554 4903 605 4975 qui
621 4908 691 4959 suut
705 4903 742 4959 de
755 4901 966 4972 ville,vadant;
1022 4902 1099 4974 regis
1111 4904 1147 4958 de
1161 4904 1374 4976 crucesignatis
1399 4922 1451 4979 pro
1473 4910 1553 4963 terra
1576 4905 1847 4978 Hierosolymitana

145 4993 251 5067 poterit
261 5010 312 5050 rex
326 4992 456 5065 accipere
471 5008 523 5065 pru
538 4991 667 5049 exercitu
693 4992 730 5048 de
749 4989 967 5061 crucesignatis
1023 5007 1114 5062 usque
1130 4993 1164 5048 sd
1182 4992 1339 5050 concilium
1350 4994 1486 5052 volumus
1498 4995 1664 5064 observari3
1679 4993 1846 5065 salv-isium

146 5086 354 5154 competenter,
371 5083 421 5138 sed
444 5081 597 5139 habebunt
611 5082 648 5136 de
667 5084 770 5136 cataro
794 5077 968 5135 electionem
1023 5081 1327 5139 etccnsuetudiuibus
1348 5090 1457 5141 sancta
1486 5084 1632 5155 Ecclesia,
1649 5088 1678 5140 st
1706 5082 1845 5140 similiter

144 5163 340 5244 crucesignati
353 5171 442 5227 eundi
458 5170 488 5226 in
509 5169 666 5226 exercitum
695 5169 720 5226 si
748 5166 907 5235 voluerint,
922 5165 969 5224 vel
1023 5167 1232 5241 salvisjureet
1250 5172 1516 5230 consuetudinibus
1544 5172 1626 5248 regui
1652 5170 1791 5238 Francia,
1817 5175 1848 5227 et

146 5260 272 5331 ponendi
283 5259 448 5331 portionem
459 5275 545 5316 suam
556 5257 585 5313 in
598 5256 687 5330 prisia
698 5273 749 5329 pru
767 5256 969 5330 redemptione
1023 5258 1196 5316 auctoritate
1211 5259 1324 5318 Sancta
1344 5261 1483 5320 Romana
1506 5262 1641 5320 Ecclesia
1667 5277 1719 5334 per
1745 5259 1847 5317 omnia

50 5401 54 5411 ,
145 5346 292 5405 exercitus
309 5348 407 5419 lacta;
423 5354 455 5405 et
468 5348 494 5404 si
509 5347 623 5421 gravati
639 5346 750 5403 luerint
763 5346 800 5402 de
816 5345 916 5419 prisia,
931 5345 967 5402 ad
1024 5346 1115 5404 selva.

183 5489 239 5562 (89)
254 5487 346 5571 Vallis
360 5489 391 5546 S.
404 5489 481 5547 Petri
491 5488 659 5562 estiusignc
671 5486 885 5548 monasterium
894 5466 977 5545 ordi·¹
1024 5489 1097 5547 citer
1111 5488 1193 5548 horis
1207 5504 1225 5546 a
1239 5491 1344 5550 Bonus
1357 5493 1475 5552 civitate
1489 5494 1616 5565 distans,
1629 5490 1717 5569 vulgo
1739 5490 1845 5551 lister·

149 5560 198 5622 ais
210 5560 414 5622 cistarciensis
428 5563 459 5620 in
469 5561 588 5621 diaecesi
594 5561 773 5635 coloniensi,
782 5559 898 5618 duabus
908 5560 968 5619 cir·
1024 5561 1103 5620 tect.
