3796 5986
154 230 206 322 aaa

513 375 622 432 cxcii.

159 473 198 531 Ad
217 471 344 528 obtutam
360 477 386 527 ct
411 474 574 524 caecantem
587 465 615 521 S.
632 459 753 530 Remiqii
772 456 980 538 hamensis-3

194 544 376 614 Pricitepiam
398 555 448 612 per
482 538 553 610 quod
578 535 780 592 monasteriam
803 531 832 613 3
857 530 979 600 Remrqu

189 615 328 673 eximitur
342 632 362 670 a
376 610 487 679 debitia,
502 608 560 666 nisi
570 610 600 664 in
615 607 764 663 utilitatem
785 601 907 674 ejusdem
920 614 978 653 mo·

191 689 528 744 amoeriimacsrtantur.

309 776 404 846 (anno
419 772 498 827 1209.
516 766 663 840 Anagnia,
677 769 751 837 Aug.
770 764 828 830 25.)

159 867 272 938 [viana
284 863 366 919 Aret.
383 860 456 915 edm.
471 860 505 914 de
520 859 619 938 ιιοιοιο,
631 855 666 938 ll,
683 855 744 921 115,
756 869 791 908 ex
800 847 978 907 chartulario

197 1003 201 1011 .
474 931 503 986 S.
527 928 676 1000 Remigii]

191 1027 382 1082 luuoasurrus
396 1020 564 1093 cpiscopue,
577 1033 680 1073 servus
690 1029 840 1071 servornm
855 1009 917 1075 Dei,
934 1008 979 1062 di·

157 1114 242 1171 lectis
258 1111 327 1168 tiliis
348 1109 447 1166 abbati
462 1106 657 1164 stocuvcntui
682 1100 853 1159 monasterii
876 1101 906 1156 S.
922 1102 979 1154 Re·

156 1203 239 1277 migii
256 1200 411 1258 Remeneis
434 1197 547 1254 ordinis
573 1196 605 1252 S.
624 1193 786 1260 Benedicti,
809 1190 981 1246 salutemet

156 1289 346 1367 apostolicam
365 1285 611 1344 benedictionem.

77 1405 79 1409 ’
190 1378 381 1438 indemnitati
396 1382 498 1432 vestras
513 1392 547 1430 ac
564 1370 733 1429 monasterii
751 1368 841 1425 vestri
856 1371 980 1439 paterna

154 1470 284 1528 volentes
300 1465 502 1525 sollicitudine
522 1462 683 1535 providere,
704 1459 879 1515 auctoritate
897 1454 979 1510 vobis

155 1557 345 1633 presentium
360 1554 551 1628 indulgemus
561 1557 594 1608 ut
608 1566 669 1619 vce,
685 1557 714 1606 et
726 1548 909 1622 prioratuum
934 1558 980 1599 vc·

154 1654 282 1707 atrorum
298 1647 422 1720 priores,
434 1660 492 1700 noa
505 1639 665 1699 teneamini
678 1638 714 1695 ad
729 1636 906 1694 solutionem
924 1631 980 1689 ali·

154 1738 239 1810 crrjus
250 1735 341 1792 dsbiti
352 1733 493 1791 contracti
504 1733 551 1788 vsl
567 1728 770 1797 contrahendi,
789 1725 846 1782 nisi
860 1723 933 1779 illud
949 1722 978 1776 in
994 1743 1018 1808 B

743 249 793 300 aa
812 241 1022 300 ruaocuaru
1040 240 1080 295 ιιι
1099 204 1273 298 uacuare

994 361 1101 438 Alerii
1116 362 1208 436 gratis
1220 363 1458 421 Halbcrstadenai
1475 363 1610 421 Ecclesie
1634 382 1651 421 a
1666 364 1781 438 praelati
1797 380 1860 422 mo·

1812 240 1865 299 196

1031 453 1151 508 nasterii
1160 455 1329 511 abbatissis.
1341 454 1485 511 Ceterum
1499 470 1566 511 cum
1584 455 1686 511 sadum
1698 454 1862 524 abbatissa,

1030 557 1081 613 per
1096 544 1174 598 sedis
1190 542 1356 614 apostoliam
1378 559 1488 599 munus
1514 544 1726 601 benedictionis
1742 546 1861 617 adepta,

1030 630 1215 701 conspiceret
1241 631 1297 686 sibi
1325 636 1354 688 et
1373 648 1427 689 suo
1455 633 1634 689 monastario
1656 632 1864 706 prejudicium

1031 734 1088 773 non
1098 718 1245 774 modicum
1256 735 1395 791 generare
1408 721 1561 792 praedicta,
1571 721 1638 778 lecit
1648 721 1723 794 ipsis
1735 722 1863 779 Halbsr·

1031 807 1162 876 studens,
1180 808 1327 881 denegari,
1343 809 1508 881 presertim
1521 827 1599 879 cum,
1611 811 1688 868 idem
1708 817 1864 867 monaste·

1031 896 1108 952 rium
1120 896 1279 968 privilegiis
1286 899 1668 970 pontificumitomunorum
1679 900 1817 957 immune
1826 902 1862 957 ab

1031 985 1112 1043 omni
1128 1003 1214 1043 onere
1227 988 1422 1060 dignoscatur
1435 993 1464 1045 et
1477 989 1547 1045 dicti
1558 990 1800 1047 Halhsrstadeoe.
1814 1008 1863 1063 po·

1032 1074 1224 1132 stularsntde
1244 1080 1323 1147 jure,
1339 1079 1416 1150 quod
1441 1095 1475 1134 ex
1499 1079 1698 1136 familiaritate
1718 1081 1865 1153 aegrotis

1032 1162 1143 1220 eisdem
1161 1165 1323 1223 exhibitum
1341 1168 1464 1223 sueretu
1481 1169 1865 1240 precedentibusahbetis·

1031 1254 1084 1313 sis.
1096 1253 1203 1311 Verum
1213 1261 1349 1312 comtum
1365 1274 1417 1329 pro
1429 1257 1476 1313 his
1488 1274 1574 1328 quam
1587 1274 1639 1330 pro
1653 1257 1719 1315 aliis
1728 1259 1861 1317 vexatio·

1031 1344 1131 1410 nibus,
1148 1361 1210 1418 qua
1236 1344 1292 1416 ipsi
1317 1345 1451 1402 ecclesias
1476 1345 1640 1402 afferuntur
1664 1351 1768 1402 contra
1783 1348 1870 1404 sedis

1031 1431 1199 1504 apostolice
1215 1432 1367 1505 privilegia
1382 1434 1520 1507 irrogato,
1535 1433 1694 1489 venerabili
1706 1435 1791 1490 tratri
1808 1452 1866 1491 no-

1032 1528 1091 1577 stro
1106 1520 1384 1594 Brandenburgensi
1401 1523 1536 1595 episcopo
1549 1529 1577 1579 et
1592 1522 1707 1579 dilectis
1718 1523 1791 1580 liliis
1811 1524 1862 1580 ab·

1032 1608 1093 1664 bati
1109 1609 1329 1684 Mersburgensi
1344 1615 1373 1668 et
1388 1612 1545 1685 preposito
1565 1611 1595 1668 S.
1613 1609 1690 1668 Petri
1705 1612 1741 1670 de
1763 1613 1864 1671 Monte

1032 1699 1138 1754 Sereno
1153 1700 1189 1755 ad
1204 1699 1300 1772 ipsius
1315 1700 1473 1759 abbatissas
1492 1701 1728 1774 conquestionem
1745 1703 1863 1759 dederi·

156 1826 313 1884 utilitatem
330 1824 462 1896 ipsorum
478 1818 647 1877 monasterii
661 1823 691 1875 ιι
709 1817 892 1889 prioratuum
912 1827 980 1866 con·
1034 1803 1099 1843 ΜΒ
1116 1788 1338 1846 ⁰⁰⁵tsi⁵¹iii0fi⁸
1354 1790 1383 1845 in
1394 1791 1551 1856 mmm&
1568 1795 1600 1846 ut
1611 1791 1724 1847 dimum
1741 1793 1862 1864 θΡῙὸθθ·
1885 1868 1894 1881 ‚

157 1932 276 1973 versum
292 1913 383 1970 luisse
398 1911 527 1984 legitime
544 1908 729 1982 probaverint
742 1906 910 1971 creditores,
923 1917 980 1955 non

154 1989 979 2074 obstantibusquibuscunquelittsris,renuntiaticnihus‚

43 2100 46 2105 “
154 2079 849 2164 obligationibus,confessionibus,juramentis,
869 2078 981 2134 instru-

157 2181 265 2238 mentis
281 2185 310 2237 ιι
335 2177 429 2252 pmnis
454 2184 585 2247 tempore
606 2178 773 2230 contractus
797 2169 939 2241 appositis
953 2169 982 2222 et

155 2269 247 2327 etiam
263 2266 458 2342 apponendis.
471 2263 548 2322 Nulli
564 2261 762 2335 ergoomninc
777 2257 932 2315 hominurn
945 2254 980 2311 li-

155 2363 220 2416 ccet
235 2357 312 2414 hanc
327 2358 466 2430 paginam
482 2357 588 2410 nostre
608 2348 807 2407 concessionis
821 2347 982 2418 infringere

154 2447 200 2504 vel
215 2446 241 2503 ei
255 2464 328 2503 seusu
346 2444 501 2502 temerario
515 2441 673 2498 contraire.
687 2440 717 2496 Si
733 2439 801 2510 quis
817 2437 870 2492 hoc
885 2439 981 2491 attan·

155 2521 980 2608 tarapresumpserit,indignationemomnipotentisti

153 2630 183 2683 et
198 2625 350 2682 beatorum
361 2624 437 2681 Petri
452 2628 480 2679 st
494 2621 581 2679 Pauli
595 2617 797 2693 apostolorum
809 2615 874 2687 ejus
885 2631 917 2670 ss
928 2629 980 2670 nc·

157 2715 231 2773 verit
244 2713 445 2771 incursurum.

194 2808 302 2863 Datum
317 2802 463 2876 Anagnia,
478 2817 531 2856 vrn
542 2798 664 2857 Kalend.
676 2794 867 2870 Septembris,
884 2793 980 2866 ponti·

159 2892 265 2951 licatus
281 2893 373 2950 nostri
389 2907 466 2948 anno
481 2907 532 2946 xn.

514 2976 638 3034 CXLIII.

153 3069 194 3127 ed
218 3072 375 3144 episcopum
398 3070 569 3125 dunensem.
594 3067 705 3121 —Pro
729 3063 867 3120 abbatissa
889 3060 977 3132 Quad-

471 3139 665 3207 limburpensi.

301 3230 398 3303 (enno
421 3229 502 3284 1210.
519 3225 663 3292 Laterani,
679 3226 745 3282 Jan.
760 3224 818 3295 ll.)

155 3319 332 3393 [hausseio.
348 3317 480 3389 deliquit.
495 3311 887 3386 Quedtimburpeasi.heipsig
899 3311 968 3368 1713

255 3391 340 3464 ιιι-10,
357 3408 385 3463 p.
400 3391 464 3462 227,
479 3406 513 3446 ex
539 3387 648 3444 archiv.
671 3385 869 3456 Halbsretad.]

190 3483 378 3538 quacaurrus
394 3479 561 3553 spiscopus,
578 3493 680 3534 servus
694 3490 845 3532 servorum
860 3473 979 3543 Dei,ve·

151 3571 275 3628 nsrabili
291 3570 374 3627 fratri
390 3570 527 3642 episcopo
549 3565 702 3630 Misnensi,
718 3563 834 3620 dilectis
859 3562 929 3618 illita
945 3562 981 3618 ds

153 3657 564 3716 PorteetdeCsllaahhatibus
577 3653 979 3725 Numburgsnsetbtisnens.

153 3750 328 3818 dioeceseon,
346 3747 512 3804 salutemet
528 3743 719 3817 apostolicam
732 3740 978 3798 benedictionem.

191 3836 304 3894 Dilecta
319 3837 348 3892 in
365 3835 481 3892 Christo
496 3833 556 3889 illia
571 3830 865 3904 Qosdlimhurgensis
890 3831 980 3886 abba·

152 3926 227 3983 tissa
251 3925 428 3982 transmissa
452 3923 538 3980 nohis
559 3920 769 3993 conquestione
794 3918 979 3986 monstravit,

1032 1895 1102 1949 pum
1118 1878 1275 1949 apraiatis
1295 1879 1436 1935 desistere
1455 1880 1678 1952 gravaminibus
1689 1881 1763 1937 etde
1774 1882 1859 1938 dam·

1033 1969 1079 2023 nis
1087 1983 1119 2022 ac
1131 1967 1247 2038 injuriis
1258 1968 1352 2024 eidem
1363 1967 1463 2035 illatis,
1471 1976 1557 2042 prout
1567 1972 1734 2040 tenebatur,
1745 1970 1860 2027 satieta-
1891 1977 1898 1986 “

1032 2072 1097 2113 cers
1108 2057 1269 2114 monitione
1279 2058 1439 2132 premissa,
1457 2076 1516 2131 qua
1526 2061 1664 2116 convenit
1675 2058 1859 2117 districtione

1032 2145 1206 2218 compellere
1216 2153 1425 2218 procurarent:
1437 2147 1678 2221 Halbsrstadsns,
1693 2147 1859 2223 capitulum
1895 2147 1898 2152 '

1032 2235 1149 2291 interim
1170 2236 1352 2307 postfactam
1363 2237 1600 2292 admonitionem
1615 2238 1651 2294 ad
1665 2238 1860 2296 venerabilem
1889 2240 1893 2247 “

1032 2325 1151 2380 tratrem
1180 2329 1315 2381 nostrum
1353 2325 1596 2393 Halbsrstadens,
1630 2326 1805 2399 episcopum
1833 2330 1864 2387 a
1895 2331 1898 2346 '

1032 2413 1563 2486 conindicsssuos,quaedamiittsras
1575 2413 1699 2471 nullads
1709 2416 1859 2488 prioribus

1032 2503 1134 2559 habita
1152 2503 1298 2560 mentione
1314 2520 1402 2576 super
1418 2504 1614 2576 receptionem
1626 2504 1656 2561 in
1671 2504 1718 2561 dis
1740 2504 1858 2561 Palma·

1033 2607 1098 2646 rum
1116 2591 1228 2648 lsrtons
1242 2592 1304 2647 euri
1318 2598 1346 2648 et
1364 2593 1545 2665 quibusdam
1566 2593 1700 2650 candelis
1723 2609 1757 2650 ac
1772 2594 1859 2650 ctiam

1033 2696 1123 2753 super
1137 2680 1303 2737 obedientia
1317 2681 1503 2753 perlatorum
1528 2683 1727 2754 quorumdam
1744 2683 1813 2753 sihi,
1829 2687 1862 2740 ut

1031 2775 1181 2840 asserunt,
1193 2770 1326 2826 iacienda
1337 2772 1387 2842 qui
1400 2787 1435 2826 cx
1444 2779 1544 2827 tenors
1557 2771 1777 2845 privilegiorum
1790 2789 1861 2844 apo·

1032 2857 1141 2915 stolica
1156 2859 1237 2916 sedis
1257 2866 1397 2915 tenantur
1411 2860 1536 2931 eubJscti
1552 2860 1731 2918 monasterio
1757 2877 1862 2933 supra·

1032 2946 1110 3003 dicto
1123 2947 1234 3020 stipsis
1244 2948 1398 3003 abbatisse
1409 2949 1445 3003 de
1455 2947 1573 3017 speciali
1587 2950 1726 3005 mandato
1748 2955 1861 3018 nostro,

1032 3040 1120 3108 prout
1135 3037 1164 3090 iu
1175 3036 1345 3109 apostolicis
1356 3035 1460 3092 litteris
1472 3037 1627 3094 manileste
1639 3040 1771 3110 apparet,
1783 3051 1863 3094 reve·

992 3109 1013 3176 C
1033 3124 1193 3181 rentiamct
1205 3125 1402 3181 obedientiam
1417 3125 1619 3182 exbibenttam
1633 3127 1760 3183 debitam
1771 3141 1863 3198 quam

1032 3214 1607 3286 devotam,vsritatetacitaimpetraruat;
1621 3214 1862 3287 quijudicsscum

1033 3302 1110 3374 apud
1126 3302 1417 3359 Hildesheimenssm
1434 3304 1593 3369 civitatem,
1609 3303 1863 3375 abbatissamjam

1033 3390 1143 3447 dictam
1172 3408 1381 3463 responsuram
1415 3393 1508 3463 primo
1537 3393 1632 3449 edicto
1666 3392 1862 3466 peremptorie

1033 3481 1213 3549 citavissent,
1229 3481 1306 3538 sicut
1320 3497 1422 3537 sorum
1437 3481 1541 3537 littera
1553 3484 1582 3537 io
1598 3485 1699 3538 nostra
1718 3483 1859 3554 praleote

1034 3572 1189 3642 presentia
1210 3571 1408 3637 continebant,
1424 3586 1459 3626 err
1484 3577 1566 3642 parte
1591 3570 1686 3643 ipeiue
1701 3571 1858 3627 abbatisse

1035 3658 1861 3732 concontcstutaliteallogatumexstititcorameisquod

1035 3746 1862 3821 irnpetratalitteratotalitercerebaotroborsllrmitatis,

1036 3837 1162 3894 maxime
1176 3853 1245 3892 curn
1257 3837 1387 3910 priorum
1396 3836 1510 3893 nullam
1522 3838 1652 3894 lacerant
1668 3837 1861 3905 mentionem,

1035 3932 1064 3985 ιι
1079 3925 1187 3983 decisio
1203 3925 1374 3997 hujusmodi
1399 3926 1517 3982 articuli
1544 3930 1648 3983 saltem
1665 3943 1718 3999 per
1731 3926 1861 3983 arbritos

153 4016 307 4088 quodcum
316 4010 761 4084 Quodlimburssfflonttierium
774 4010 809 4064 111
818 4009 980 4064 Romanum
1036 4014 1512 4071 dsbsrctcommunitertermineri
1525 4032 1531 4071 :
1544 4017 1593 4072 sed
1604 4031 1671 4071 cum
1679 4031 1768 4088 penes
1779 4016 1862 4087 ipsos

152 4105 312 4161 Ecclesiam
323 4119 391 4160 cum
404 4102 460 4158 sihi
474 4101 679 4173 adjacentibus
689 4097 822 4154 ecclesiis
833 4097 980 4153 universis
1035 4103 1108 4161 nihil
1125 4105 1230 4160 horum
1247 4109 1347 4176 posset
1362 4104 1550 4176 atiquatenus
1564 4105 1705 4170 ominem,
1717 4109 1780 4159 tum
1792 4120 1862 4176 pm.

155 4193 237 4252 nullo
254 4195 399 4265 pertineat
419 4191 577 4258 mediante,
595 4190 671 4246 sicut
694 4188 843 4244 evidenter
857 4189 980 4259 apparet
1035 4198 1100 4266 pter
1114 4193 1143 4249 id
1169 4197 1197 4249 et
1211 4192 1248 4248 oh
1272 4192 1367 4249 locum
1384 4199 1567 4265 suspectum,
1595 4194 1705 4264 paritor
1719 4197 1748 4249 st
1762 4209 1861 4250 mmo-

151 4299 205 4355 per
215 4281 368 4354 privilegia
379 4281 551 4354 pontificum
568 4279 767 4335 Romanorum
778 4293 812 4333 ac
828 4276 980 4332 venerabi·
1035 4287 1110 4348 tum,
1122 4288 1186 4338 tum
1202 4282 1291 4338 etiem
1302 4282 1372 4354 quia
1387 4282 1511 4338 facultas
1527 4282 1694 4354 appellandi
1706 4281 1761 4338 eibi
1782 4296 1861 4338 exea

151 4370 227 4428 lium
253 4371 378 4426 fratrum
402 4368 719 4434 Halbarfltadifisstiusss,
752 4365 923 4439 θΡῘΙῦθΡῡΠὶ
948 4365 979 4421 in
1035 4370 1860 4444 eretrelicta,quodCorhsicn,abbssabsquaappslla·

154 4458 256 4517 Remis
271 4458 438 4515 Palmsrum
449 4459 617 4531 prodivinas
632 4457 728 4514 laudis
752 4455 978 4512 ciliciiseolem·
993 4461 1121 4528 filionis
1146 4461 1275 4516 remedio
1300 4460 1349 4516 alii
1375 4476 1432 4516 non
1454 4461 1548 4528 potuit
1572 4465 1757 4522 committere
1779 4460 1862 4517 vices

150 4548 624 4620 aiusexsequendis‚accedentem
635 4547 742 4602 ibidem
759 4550 977 4601 canteturaoou
1031 4568 1112 4617 suas,
1128 4556 1156 4606 st
1171 4555 1291 4622 propter
1305 4549 1362 4605 alia
1376 4549 1508 4621 quadam
1531 4548 1703 4620 gravamine
1726 4553 1862 4607 nostram

151 4636 252 4694 debita
262 4636 442 4693 exhibitione
453 4634 604 4693 multoties
615 4633 784 4708 procuravit
794 4634 862 4707 (55')
876 4652 883 4702 ;
898 4633 977 4689 idsm
1032 4639 1213 4696 audientiam
1226 4637 1383 4710 appellavit
1393 4639 1429 4694 ad
1442 4639 1678 4710 prosequendam
1690 4635 1861 4710 appellatio.

150 4727 306 4800 spiscopus
318 4726 512 4798 receptionem
525 4725 620 4797 ipsam
633 4725 790 4797 gratuitam
799 4723 828 4778 in
836 4722 914 4795 juris
926 4739 977 4778 ns·
1031 4744 1098 4784 nem
1110 4728 1263 4794 omissam,
1273 4726 1414 4783 dilectum
1423 4725 1516 4781 filium
1525 4726 1697 4795 magistrum
1705 4726 1861 4785 Nicolaum

149 4816 318 4873 cessitatem
331 4819 502 4872 convertens
518 4820 546 4870 et
557 4815 681 4870 abutens
696 4812 754 4869 sibi
765 4812 860 4885 gratia
871 4811 978 4868 collate
1032 4816 1118 4873 subd.
1136 4820 1270 4872 nostrum
1287 4816 1411 4872 Miscen.
1430 4814 1605 4871 canonicum
1619 4812 1860 4885 adapostolicam

146 4903 183 4961 in
200 4905 254 4962 hac
266 4909 348 4979 parts
364 4921 430 4961 cum
447 4908 529 4960 tante
542 4902 611 4960 illuc
621 4903 775 4959 hominum
789 4901 978 4957 multitudine
1032 4907 1132 4961 sedem
1144 4905 1359 4960 transmittens.
1373 4906 1435 4966 frua
1447 4902 1477 4958 in
1491 4919 1521 4958 re
1533 4901 1688 4975 prasentia
1698 4901 1860 4961 constituto

154 4996 321 5059 accedebat,
337 4994 414 5066 quod
432 4992 535 5066 viginti
547 4997 576 5049 et
591 4993 722 5066 quinque
743 4991 854 5063 argenti
871 4991 978 5047 marcis
1032 4995 1127 5050 sidem
1141 4994 1259 5066 judicas
1274 4995 1308 5049 de
1324 4992 1519 5066 appellatione
1544 4992 1718 5063 interposita
1733 5008 1859 5063 cognos-

151 5083 235 5154 copia
246 5083 371 5157 piscium
384 5078 976 5153 comparata,erccptieeliissumptuosis,
1032 5087 1142 5149 centes,
1160 5089 1189 5137 st
1205 5083 1299 5154 ipsam
1321 5082 1452 5138 frivolam
1465 5083 1665 5150 decernentes,
1682 5081 1791 5137 dictam
1807 5083 1861 5138 ab·

149 5170 334 5228 insufficiens
345 5171 603 5228 discumbentibus
618 5170 790 5225 habebatur.
800 5172 907 5225 Praeter
919 5170 978 5227 bac
1033 5173 1176 5229 batissam
1190 5173 1226 5228 ad
1243 5188 1343 5228 earum
1366 5171 1550 5243 presentiam
1567 5170 1664 5225 denuo
1679 5170 1769 5226 citare
1785 5188 1859 5244 prar-

148 5264 247 5316 uutsm
264 5260 294 5316 io
321 5261 395 5317 lesto
423 5259 501 5316 beati
531 5258 754 5331 protomartyris
778 5258 918 5330 Stephani
940 5258 978 5314 ob
1033 5266 1238 5334 sumpserunt,
1254 5264 1283 5316 et
1298 5259 1367 5333 quia
1382 5261 1507 5316 oleatum
1523 5264 1552 5316 et
1568 5258 1859 5317 canonicoaHalber-

147 5344 243 5416 ipsius
259 5348 453 5404 reverentiam
478 5346 553 5402 isrto
579 5348 654 5414 auri,
670 5351 698 5401 et
714 5346 745 5400 in
771 5347 978 5404 Puriilcetione
1034 5351 1164 5418 studens,
1180 5348 1355 5406 auctoritate
1370 5348 1528 5421 apostolica
1543 5347 1707 5422 prohibitos
1723 5348 1860 5421 ajudici·

147 5435 242 5494 beata
257 5436 389 5510 Virginis
408 5436 686 5509 caudelaquaedam
706 5434 979 5493 consueveruntol·
1033 5439 1089 5496 bus
1118 5438 1260 5513 delegatis
1284 5454 1320 5495 ns
1352 5437 1518 5495 libertatem
1543 5437 1639 5511 ipsius
1668 5437 1800 5496 ecclesias
1827 5439 1860 5498 in

183 5559 252 5637 (ὅδ’)
267 5561 359 5619 ιιοιι
373 5565 548 5635 corruptus,
559 5565 592 5618 ut
602 5559 652 5618 aiii
667 5559 741 5618 bens
751 5560 838 5617 multi
853 5560 941 5620 inira.
