3796 5986
0 237 4 288 ι
80 198 86 209 ,

13 398 58 618 l

11 658 133 831 ut

197 294 392 393 hbillllb
439 292 603 391 llllbl
651 290 847 388 btltldll
894 292 949 388 lb
997 290 1144 389 ulllll
1188 291 1365 391 tllblh
1405 284 1691 395 dlldlbltll

691 534 1189 568 —·-——--=um—--..-

184 793 259 856 Cum
289 796 319 852 in
349 796 405 853 hac
432 795 579 868 perardua
604 793 814 869 septemdecim
841 794 920 853 ultra
947 795 1090 854 ducentos
1123 793 1244 869 majoris
1276 794 1378 855 iormae
1405 798 1591 857 voluminum
1619 802 1749 861 editione

143 890 202 933 non
232 874 356 948 potnerit
379 874 443 932 lieri
462 875 536 948 quin
553 874 765 949 typographiae
785 889 1012 948 nonnunquam,
1033 876 1196 950 dogmatice
1218 877 1307 934 eliam
1329 876 1404 935 torte
1426 879 1531 937 insciis
1548 888 1625 939 certe
1648 882 1746 953 nohis,

142 956 338 1013 erraverimus
371 950 444 1032 (rron
466 956 547 1012 enim
567 956 657 1012 unins
680 955 738 1012 diei
762 955 810 1013 hic
834 955 918 1014 labor
940 963 984 1012 est
1009 966 1119 1027 noster,
1145 957 1198 1014 sed
1220 958 1381 1013 mullorum
1400 957 1572 1036 alterorum),
1594 960 1704 1019 clerum
1719 969 1749 1019 et

140 1035 222 1092 viros
241 1035 344 1091 doctos
364 1032 454 1091 oiiicii
476 1035 569 1091 nostri
591 1040 635 1092 est
655 1035 794 1092 cotiones
809 1035 915 1108 lacere,
936 1035 1013 1108 quod
1033 1035 1094 1093 illis
1112 1035 1192 1093 hand
1211 1036 1359 1109 ingratum
1375 1037 1437 1094 lore
1452 1053 1618 1112 speramus,
1633 1035 1745 1099 Collec-

140 1113 231 1172 tionis
247 1113 336 1186 hujus
350 1119 474 1184 textum,
490 1115 541 1186 qui
558 1115 675 1190 integer
689 1121 922 1187 stereotyporum
938 1114 1082 1172 beneficio
1102 1122 1223 1188 prostat,
1245 1131 1262 1172 a
1282 1116 1367 1173 nobis
1387 1118 1499 1174 iteratis
1517 1119 1596 1176 curis
1612 1119 1673 1192 jarn
1693 1121 1744 1178 diu

140 1198 331 1251 retractatum
353 1200 380 1250 et
399 1195 436 1250 ad
456 1195 653 1250 exactissimae
672 1192 829 1251 revisionis
847 1194 947 1251 crisim
967 1202 1152 1263 revocatum;
1174 1196 1218 1253 sic
1236 1190 1376 1252 Notitiam
1399 1196 1430 1252 in
1449 1191 1575 1254 Leonem
1595 1193 1741 1271 lpapam,

140 1288 179 1330 ex
193 1268 431 1331 Schoenemanno
447 1273 661 1346 depromptam,
679 1273 723 1330 sic
738 1273 951 1331 nonnullorum
963 1273 1077 1346 judicia
1091 1274 1126 1330 de
1139 1270 1315 1347 Arrgustino,
1333 1276 1432 1332 minus
1447 1282 1525 1333 recte
1539 1278 1744 1350 sentientium,

140 1353 356 1422 expunximus,
378 1352 436 1408 alia
454 1367 519 1424 quae
538 1353 733 1410 medicatione
752 1368 828 1426 opus
846 1353 956 1410 habent
973 1354 1077 1410 sedulo
1096 1355 1256 1411 correcturi
1277 1354 1322 1411 vel
1342 1355 1465 1413 omnino
1484 1357 1648 1415 remissuri.
1676 1354 1743 1423 Quo

140 1430 190 1488 liet
213 1437 245 1488 ut
263 1433 404 1505 proximae
424 1431 568 1489 editiones
592 1440 760 1506 expurgata
778 1439 817 1502 et,
838 1438 982 1505 quantum
1006 1431 1067 1490 lieri
1087 1438 1194 1506 potest,
1213 1436 1375 1492 emendatae
1395 1435 1545 1506 prodeant.
1567 1430 1606 1492 lis
1622 1437 1742 1494 interim

50 1574 53 1580 ,
140 1509 249 1584 quibus
265 1511 325 1584 jam
346 1513 384 1568 ad
404 1525 511 1568 manus
531 1519 575 1569 est
592 1508 769 1589 Puteolopt'a
788 1518 899 1582 nostra,
920 1512 1019 1568 statim
1038 1528 1073 1570 ac
1093 1512 1203 1585 aliquid
1222 1513 1285 1570 vitii
1306 1515 1392 1571 nobis
1412 1515 1583 1584 innotuerit,
1609 1516 1743 1573 chartam

140 1589 357 1661 medicabilem,
375 1593 440 1664 ipsa
455 1591 649 1648 translatione
664 1592 745 1649 onrni
763 1592 898 1664 impensa
913 1592 1050 1664 immuni,
1066 1593 1321 1650 transmittendam
1337 1593 1519 1652 curabimus.

181 1663 227 1725 Ex
251 1670 398 1727 laboriosa
421 1686 501 1739 cura,
528 1672 604 1728 sicut
627 1687 662 1728 ex
687 1672 801 1740 iterata,
827 1671 987 1729 universali
1009 1679 1038 1729 el
1057 1671 1257 1729 minutissima
1275 1679 1318 1729 tot
1337 1679 1365 1729 et
1383 1681 1471 1730 tanta
1490 1672 1577 1730 n'rolis
1599 1672 1743 1731 librorum

141 1747 288 1808 revisioue
316 1750 361 1806 vel
389 1752 611 1822 expurgatione,
642 1758 759 1822 quanta
787 1751 927 1824 impensae
954 1752 1109 1825 provenire
1135 1751 1271 1822 debeant,
1302 1752 1441 1810 omnibus
1469 1759 1572 1809 notum
1600 1759 1655 1809 est.
1685 1749 1742 1810 Vc-

140 1835 306 1886 rumtamen
335 1845 389 1902 pro
418 1830 542 1886 minimo
567 1829 705 1887 ducimus
732 1839 784 1887 aut
807 1830 1023 1888 sollicitudines
1050 1838 1103 1888 aut
1128 1838 1276 1903 sumptus,
1300 1832 1372 1887 dum
1400 1831 1578 1889 nitidissima
1606 1837 1739 1890 textuum

141 1910 294 1980 correctio,
312 1915 340 1965 et
354 1910 514 1985 praesertim
532 1910 702 1966 orthodoxae
716 1909 857 1966 doctrinm
872 1911 977 1967 ueritas
991 1910 1022 1967 in
1038 1907 1186 1984 integrum
1200 1917 1364 1968 serventur.

179 1982 261 2061 Opus
280 2004 348 2045 cum
368 1988 489 2061 maioris
507 1994 552 2045 est
571 1990 723 2060 momenti,
745 1996 815 2046 tunc
835 1989 909 2047 illud
928 1989 1061 2047 securius
1084 1996 1113 2047 et
1140 1989 1285 2048 inoffenso
1305 1988 1377 2063 pede
1401 2003 1571 2061 percurrere
1587 1988 1738 2048 dehemus.

139 2063 242 2139 Porro,
260 2069 331 2141 quid
345 2069 436 2126 totins
449 2066 616 2126 traditionis
631 2069 783 2127 catholicae
798 2069 948 2141 impressis
961 2075 990 2126 et
1004 2069 1183 2141 pervulgatis
1198 2069 1281 2126 libris
1295 2068 1538 2142 aequiparandum
1553 2066 1621 2125 est?

179 2143 241 2205 Sub
266 2148 375 2221 duplici
405 2155 539 2206 resecta
569 2149 631 2205 sire
660 2148 861 2223 typographia
888 2150 950 2206 sive
976 2148 1131 2223 theologiae
1158 2148 1426 2222 irreprehensibilis
1453 2147 1599 2220 cujusque
1627 2147 1739 2221 pagine

138 2228 284 2285 munditia
308 2227 426 2300 iulgcat.
453 2165 516 2286 fico
541 2228 570 2283 in
595 2227 705 2285 nostris
728 2235 803 2285 votis
827 2235 880 2285 est.
906 2223 1092 2302 Quapropter
1114 2228 1199 2286 enixe
1223 2236 1251 2286 et
1274 2227 1391 2299 publice
1420 2227 1544 2284 lectores
1572 2227 1735 2298 hortamur,

138 2313 170 2364 ut
190 2309 216 2365 si
234 2308 301 2380 quis
321 2310 358 2365 ob
380 2314 476 2365 textus
496 2308 640 2366 maculam
657 2315 709 2365 aut
729 2313 847 2380 propter
865 2308 1021 2366 adversum
1041 2323 1120 2366 sante
1139 2307 1207 2365 iidei
1231 2307 1352 2365 verbum
1377 2308 1504 2380 potuerit
1527 2305 1648 2377 offendi,
1671 2307 1738 2364 sine

138 2401 222 2444 mora
249 2387 335 2444 nobis
367 2387 574 2445 benevolenter
605 2387 769 2445 denuntiet.
804 2382 912 2445 Nostra
943 2402 1027 2445 mens
1060 2394 1105 2444 est
1131 2388 1208 2445 sicut
1235 2395 1263 2444 et
1290 2386 1375 2443 lirma
1398 2386 1534 2443 voluntas
1562 2399 1615 2455 pro
1644 2386 1739 2442 nihilo

138 2467 343 2541 qualecunque
356 2468 524 2540 vigiliarum
540 2468 684 2524 damnum
699 2467 742 2524 rel
762 2466 898 2525 laborum
917 2481 1017 2524 curam
1038 2467 1240 2539 computandi,
1256 2465 1281 2522 si
1298 2461 1504 2541 Potrolopt'nm
1525 2471 1652 2521 nostram
1670 2480 1737 2536 per-

138 2547 371 2619 dilectissimam,
389 2548 419 2604 in
434 2555 576 2620 quantum
591 2544 628 2603 ad
645 2548 778 2604 omnium
797 2554 930 2605 textuum
950 2548 1076 2605 nitorem
1091 2547 1135 2604 vel
1149 2544 1188 2603 ad
1202 2545 1372 2603 orthodoxae
1386 2545 1527 2603 doctrines
1540 2542 1739 2617 iutegritatem

138 2633 252 2697 attinet,
271 2628 508 2698 irreprehensam
525 2630 642 2696 penitus
656 2626 802 2683 aediticare
818 2627 977 2700 possimus.

178 2702 278 2765 Pauca
301 2713 412 2774 lameri,
443 2713 474 2762 ut
501 2719 667 2775 speramus,
699 2711 859 2776 supersunt
885 2702 1083 2759 reformanda.
1113 2699 1195 2758 Duos
1222 2702 1367 2758 adducere
1395 2702 1481 2756 liceat
1503 2700 1627 2755 idoncos
1651 2707 1741 2757 testes

138 2801 174 2843 ex
197 2785 370 2843 doctissima
394 2780 529 2841 Bollandi
555 2782 676 2853 familia,
708 2783 759 2856 qui
789 2798 841 2854 per
869 2781 1024 2855 epistolam
1053 2776 1202 2838 Bruxellis
1229 2782 1267 2838 ad
1295 2795 1350 2836 nos
1371 2778 1577 2836 transmissam
1601 2786 1741 2836 asserunt

138 2864 195 2921 sibi
215 2864 368 2922 volumina
387 2872 487 2921 nostra
506 2861 710 2920 evolventibus
735 2861 809 2918 nihil
833 2867 887 2919 aul
903 2860 1014 2918 leviora
1033 2860 1195 2918 occurrisse
1221 2859 1454 2933 perstringenda.
1480 2852 1596 2925 Quibus
1617 2858 1740 2914 accedat

137 2943 339 3002 testimoninm
362 2940 530 3017 Superioris
552 2943 698 3014 generalis
717 2941 955 3015 congregationis
979 2941 1008 2996 in
1034 2939 1230 2997 informandis
1248 2941 1286 2996 ad
1306 2936 1483 3010 theologiam
1501 2937 1737 2994 adolescentibus

139 3021 227 3081 iacilc
241 3022 395 3096 principis,
414 3026 468 3079 viri
484 3023 626 3079 eminenti
646 3021 781 3079 doctrina
799 3022 887 3078 slnrul
906 3028 936 3078 et
956 3019 1109 3093 prudentia
1131 3027 1218 3092 atque
1236 3020 1326 3075 aninri
1346 3017 1486 3091 grauitate
1505 3017 1669 3089 conspicui,
1687 3015 1736 3087 qui

138 3099 349 3179 Patrolnpt'um
372 3123 385 3158 «
404 3108 629 3161 monumentum
649 3101 814 3158 immortale
832 3100 964 3158 scientiis
983 3099 1193 3157 ecclesiasticis
1207 3113 1225 3155 a
1240 3098 1327 3157 uobis
1342 3106 1473 3156 erectum
1489 3114 1504 3149 »
1520 3111 1579 3154 non
1594 3094 1737 3152 dubitauit

136 3184 297 3257 appellare.

182 3446 229 3507 Ad
245 3446 475 3506 satislaetionem
490 3446 580 3504 simul
600 3454 628 3504 et
646 3444 870 3504 edificationem
890 3445 1018 3516 lectoris,
1040 3442 1203 3518 patefacere
1220 3457 1274 3500 nos
1284 3441 1377 3515 Juvat,
1395 3437 1545 3512 Doctores,
1562 3436 1675 3509 Patres,
1691 3437 1736 3494 vel

143 3526 308 3603 Scriptores
331 3525 558 3599 ecclesiasticos,
583 3527 614 3583 in
638 3525 849 3598 septemdecim
868 3530 897 3582 el
915 3525 1051 3582 ducentis
1073 3519 1254 3598 Puteolopt‘oe
1273 3522 1372 3579 latinae
1389 3521 1591 3578 voluminibus
1606 3533 1737 3589 recusos,

144 3624 204 3668 non
220 3610 320 3666 minus
334 3622 423 3681 quam
438 3607 589 3665 sexdecim
604 3606 799 3664 ducentorum
814 3612 843 3663 ct
858 3603 938 3663 mille
952 3611 1108 3663 auctorum
1121 3603 1265 3677 attingere
1279 3615 1448 3659 numerum.
