<?xml version="1.0" encoding="UTF-8"?>
<!DOCTYPE html PUBLIC "-//W3C//DTD XHTML 1.0 Transitional//EN"
    "http://www.w3.org/TR/xhtml1/DTD/xhtml1-transitional.dtd">
<html xmlns="http://www.w3.org/1999/xhtml" xml:lang="en" lang="en">
 <head>
  <title>
</title>
<meta http-equiv="Content-Type" content="text/html;charset=utf-8" />
  <meta name='ocr-system' content='tesseract 3.04.00' />
  <meta name='ocr-capabilities' content='ocr_page ocr_carea ocr_par ocr_line ocrx_word'/>
</head>
<body>
  <div class='ocr_page' id='page_1' title='image "./patrologiaecurs27unkngoog/patrologiaecurs27unkngoog_0388.png"; bbox 0 0 3796 5986; ppageno 0'>
   <div class='ocr_carea' id='block_1_1' title="bbox 77 234 1838 306">
    <p class='ocr_par' dir='ltr' id='par_1_1' title="bbox 77 234 1838 306">
     <span class='ocr_line' id='line_1_1' title="bbox 77 234 1838 306; baseline -0.008 0"><span class='ocrx_word' id='word_1_1' title='bbox 77 242 81 255; x_wconf 87' lang='lat'>&#39;</span> <span class='ocrx_word' id='word_1_2' title='bbox 127 248 179 306; x_wconf 77' lang='lat' dir='ltr'>tol</span> <span class='ocrx_word' id='word_1_3' title='bbox 763 247 956 306; x_wconf 68' lang='lat' dir='ltr'>maminoti</span> <span class='ocrx_word' id='word_1_4' title='bbox 973 243 1199 302; x_wconf 70' lang='lat' dir='ltr'>summaria</span> <span class='ocrx_word' id='word_1_5' title='bbox 1779 234 1838 293; x_wconf 69' lang='grc'>762</span> 
     </span>
    </p>
   </div>
   <div class='ocr_carea' id='block_1_2' title="bbox 70 365 1837 987">
    <p class='ocr_par' dir='ltr' id='par_1_2' title="bbox 70 365 1837 987">
     <span class='ocr_line' id='line_1_2' title="bbox 70 365 1835 452; baseline -0.008 -17"><span class='ocrx_word' id='word_1_6' title='bbox 70 380 76 417; x_wconf 87' lang='lat'>·&#39;</span> <span class='ocrx_word' id='word_1_7' title='bbox 163 376 269 445; x_wconf 82' lang='lat' dir='ltr'>Quanti</span> <span class='ocrx_word' id='word_1_8' title='bbox 284 376 381 435; x_wconf 89' lang='lat' dir='ltr'>meriti</span> <span class='ocrx_word' id='word_1_9' title='bbox 398 376 436 434; x_wconf 87' lang='lat' dir='ltr'>sit</span> <span class='ocrx_word' id='word_1_10' title='bbox 451 376 676 452; x_wconf 86' lang='lat' dir='ltr'>perseverantia,</span> <span class='ocrx_word' id='word_1_11' title='bbox 686 393 721 434; x_wconf 89' lang='lat' dir='ltr'>ex</span> <span class='ocrx_word' id='word_1_12' title='bbox 735 373 845 448; x_wconf 86' lang='lat' dir='ltr'>flagitio</span> <span class='ocrx_word' id='word_1_13' title='bbox 860 390 951 448; x_wconf 92' lang='lat' dir='ltr'>oppo·</span> <span class='ocrx_word' id='word_1_14' title='bbox 966 374 992 442; x_wconf 71' lang='grc' dir='ltr'><strong>Α</strong></span> <span class='ocrx_word' id='word_1_15' title='bbox 1008 375 1070 430; x_wconf 88' lang='lat' dir='ltr'>oret</span> <span class='ocrx_word' id='word_1_16' title='bbox 1087 372 1110 443; x_wconf 87' lang='grc' dir='ltr'>(Ι</span> <span class='ocrx_word' id='word_1_17' title='bbox 1123 374 1205 428; x_wconf 76' lang='lat' dir='ltr'>decu.</span> <span class='ocrx_word' id='word_1_18' title='bbox 1219 367 1284 441; x_wconf 79' lang='lat' dir='ltr'><strong>v).»</strong></span> <span class='ocrx_word' id='word_1_19' title='bbox 1302 365 1519 440; x_wconf 78' lang='lat' dir='ltr'>impenitentia</span> <span class='ocrx_word' id='word_1_20' title='bbox 1533 367 1630 423; x_wconf 86' lang='lat' dir='ltr'>autem</span> <span class='ocrx_word' id='word_1_21' title='bbox 1646 381 1682 422; x_wconf 90' lang='lat' dir='ltr'>ax</span> <span class='ocrx_word' id='word_1_22' title='bbox 1696 365 1835 439; x_wconf 83' lang='lat' dir='ltr'>despera·</span> 
     </span>
     <span class='ocr_line' id='line_1_3' title="bbox 126 454 1836 541; baseline -0.007 -18"><span class='ocrx_word' id='word_1_23' title='bbox 126 467 175 524; x_wconf 85' lang='lat' dir='ltr'>aiti</span> <span class='ocrx_word' id='word_1_24' title='bbox 190 466 253 524; x_wconf 91' lang='lat' dir='ltr'>vitii</span> <span class='ocrx_word' id='word_1_25' title='bbox 277 468 477 540; x_wconf 76' lang='lat' dir='ltr'>conjecturare</span> <span class='ocrx_word' id='word_1_26' title='bbox 497 484 668 541; x_wconf 87' lang='lat' dir='ltr'>possumus.</span> <span class='ocrx_word' id='word_1_27' title='bbox 684 465 725 523; x_wconf 85' lang='lat' dir='ltr'>De</span> <span class='ocrx_word' id='word_1_28' title='bbox 739 464 954 539; x_wconf 84' lang='lat' dir='ltr'>impoenitentia</span> <span class='ocrx_word' id='word_1_29' title='bbox 1011 463 1091 518; x_wconf 89' lang='lat' dir='ltr'>tione</span> <span class='ocrx_word' id='word_1_30' title='bbox 1115 458 1256 524; x_wconf 89' lang='lat' dir='ltr'>nascitur,</span> <span class='ocrx_word' id='word_1_31' title='bbox 1285 461 1337 514; x_wconf 88' lang='lat' dir='ltr'>aut</span> <span class='ocrx_word' id='word_1_32' title='bbox 1360 473 1395 512; x_wconf 87' lang='lat' dir='ltr'>ex</span> <span class='ocrx_word' id='word_1_33' title='bbox 1418 455 1649 528; x_wconf 82' lang='lat' dir='ltr'>presumptione</span> <span class='ocrx_word' id='word_1_34' title='bbox 1665 454 1781 512; x_wconf 85' lang='lat' dir='ltr'>oritur:</span> <span class='ocrx_word' id='word_1_35' title='bbox 1806 458 1836 512; x_wconf 91' lang='lat' dir='ltr'>et</span> 
     </span>
     <span class='ocr_line' id='line_1_4' title="bbox 125 543 1836 629; baseline -0.007 -16"><span class='ocrx_word' id='word_1_36' title='bbox 125 557 235 613; x_wconf 89' lang='lat' dir='ltr'>etenim</span> <span class='ocrx_word' id='word_1_37' title='bbox 251 556 454 629; x_wconf 88' lang='lat' dir='ltr'>dieitur,quod</span> <span class='ocrx_word' id='word_1_38' title='bbox 469 560 553 613; x_wconf 89' lang='lat' dir='ltr'>tanta</span> <span class='ocrx_word' id='word_1_39' title='bbox 567 560 612 613; x_wconf 90' lang='lat' dir='ltr'>est</span> <span class='ocrx_word' id='word_1_40' title='bbox 626 555 716 626; x_wconf 80' lang='lat' dir='ltr'>huius</span> <span class='ocrx_word' id='word_1_41' title='bbox 731 556 840 627; x_wconf 88' lang='lat' dir='ltr'>peccati</span> <span class='ocrx_word' id='word_1_42' title='bbox 856 570 952 628; x_wconf 85' lang='lat' dir='ltr'>poeua,</span> <span class='ocrx_word' id='word_1_43' title='bbox 1009 555 1154 626; x_wconf 86' lang='lat' dir='ltr'>quantum</span> <span class='ocrx_word' id='word_1_44' title='bbox 1170 551 1200 605; x_wconf 89' lang='lat' dir='ltr'>iu</span> <span class='ocrx_word' id='word_1_45' title='bbox 1216 548 1281 619; x_wconf 89' lang='lat' dir='ltr'>ipsa</span> <span class='ocrx_word' id='word_1_46' title='bbox 1295 549 1350 614; x_wconf 88' lang='lat' dir='ltr'>est,</span> <span class='ocrx_word' id='word_1_47' title='bbox 1364 549 1415 603; x_wconf 91' lang='lat' dir='ltr'>aut</span> <span class='ocrx_word' id='word_1_48' title='bbox 1429 545 1552 618; x_wconf 76' lang='lat' dir='ltr'>derogat</span> <span class='ocrx_word' id='word_1_49' title='bbox 1566 544 1620 600; x_wconf 90' lang='lat' dir='ltr'>Dei</span> <span class='ocrx_word' id='word_1_50' title='bbox 1632 543 1766 615; x_wconf 82' lang='lat' dir='ltr'>justitie,</span> <span class='ocrx_word' id='word_1_51' title='bbox 1782 549 1836 601; x_wconf 91' lang='lat' dir='ltr'>aut</span> 
     </span>
     <span class='ocr_line' id='line_1_5' title="bbox 125 634 1837 719; baseline -0.007 -17"><span class='ocrx_word' id='word_1_52' title='bbox 125 647 206 719; x_wconf 83' lang='lat' dir='ltr'>quod</span> <span class='ocrx_word' id='word_1_53' title='bbox 228 645 443 702; x_wconf 85' lang='lat' dir='ltr'>humanitatem</span> <span class='ocrx_word' id='word_1_54' title='bbox 465 645 633 718; x_wconf 87' lang='lat' dir='ltr'>postulandi</span> <span class='ocrx_word' id='word_1_55' title='bbox 649 645 763 702; x_wconf 75' lang='lat' dir='ltr'>vertiam</span> <span class='ocrx_word' id='word_1_56' title='bbox 780 644 880 701; x_wconf 87' lang='lat' dir='ltr'>subire</span> <span class='ocrx_word' id='word_1_57' title='bbox 894 660 952 699; x_wconf 91' lang='lat' dir='ltr'>noo</span> <span class='ocrx_word' id='word_1_58' title='bbox 1008 640 1138 698; x_wconf 74' lang='lat' dir='ltr'>detrahit</span> <span class='ocrx_word' id='word_1_59' title='bbox 1151 638 1201 696; x_wconf 91' lang='lat' dir='ltr'>Dei</span> <span class='ocrx_word' id='word_1_60' title='bbox 1218 636 1434 694; x_wconf 83' lang='lat' dir='ltr'>misericordie.</span> <span class='ocrx_word' id='word_1_61' title='bbox 1449 634 1530 691; x_wconf 81' lang='lat' dir='ltr'>Felix</span> <span class='ocrx_word' id='word_1_62' title='bbox 1552 650 1621 707; x_wconf 84' lang='lat' dir='ltr'>argo</span> <span class='ocrx_word' id='word_1_63' title='bbox 1645 649 1837 705; x_wconf 86' lang='lat' dir='ltr'>perseveran-</span> 
     </span>
     <span class='ocr_line' id='line_1_6' title="bbox 125 721 1836 809; baseline -0.008 -16"><span class='ocrx_word' id='word_1_64' title='bbox 125 734 438 809; x_wconf 86' lang='lat' dir='ltr'>possit.Hocestenim</span> <span class='ocrx_word' id='word_1_65' title='bbox 447 740 600 809; x_wconf 88' lang='lat' dir='ltr'>peceatum</span> <span class='ocrx_word' id='word_1_66' title='bbox 611 736 641 792; x_wconf 91' lang='lat' dir='ltr'>in</span> <span class='ocrx_word' id='word_1_67' title='bbox 654 735 796 808; x_wconf 88' lang='lat' dir='ltr'>Spiritum</span> <span class='ocrx_word' id='word_1_68' title='bbox 807 738 952 806; x_wconf 88' lang='lat' dir='ltr'>sanctum,</span> <span class='ocrx_word' id='word_1_69' title='bbox 1008 731 1059 797; x_wconf 84' lang='lat' dir='ltr'>tia,</span> <span class='ocrx_word' id='word_1_70' title='bbox 1085 746 1151 803; x_wconf 76' lang='lat' dir='ltr'>qum</span> <span class='ocrx_word' id='word_1_71' title='bbox 1171 725 1416 801; x_wconf 75' lang='lat' dir='ltr'>impaeniteutiam</span> <span class='ocrx_word' id='word_1_72' title='bbox 1443 723 1583 792; x_wconf 80' lang='lat' dir='ltr'>excludit,</span> <span class='ocrx_word' id='word_1_73' title='bbox 1608 721 1836 780; x_wconf 70' lang='lat' dir='ltr'><strong>obstinationem</strong></span> 
     </span>
     <span class='ocr_line' id='line_1_7' title="bbox 124 812 1837 897; baseline -0.008 -17"><span class='ocrx_word' id='word_1_74' title='bbox 124 823 183 881; x_wconf 89' lang='lat' dir='ltr'>hoc</span> <span class='ocrx_word' id='word_1_75' title='bbox 198 829 243 882; x_wconf 91' lang='lat' dir='ltr'>ast</span> <span class='ocrx_word' id='word_1_76' title='bbox 257 829 409 896; x_wconf 89' lang='lat' dir='ltr'>peccatum</span> <span class='ocrx_word' id='word_1_77' title='bbox 425 825 462 880; x_wconf 91' lang='lat' dir='ltr'>ad</span> <span class='ocrx_word' id='word_1_78' title='bbox 479 825 657 893; x_wconf 88' lang='lat' dir='ltr'>mortem‚de</span> <span class='ocrx_word' id='word_1_79' title='bbox 669 840 727 897; x_wconf 89' lang='lat' dir='ltr'>quo</span> <span class='ocrx_word' id='word_1_80' title='bbox 742 825 872 882; x_wconf 80' lang='lat' dir='ltr'>loannes</span> <span class='ocrx_word' id='word_1_81' title='bbox 887 823 951 879; x_wconf 88' lang='lat' dir='ltr'>ait:</span> <span class='ocrx_word' id='word_1_82' title='bbox 1008 818 1138 893; x_wconf 79' lang='lat' dir='ltr'>expellit,</span> <span class='ocrx_word' id='word_1_83' title='bbox 1154 819 1356 888; x_wconf 90' lang='lat' dir='ltr'>contemptum</span> <span class='ocrx_word' id='word_1_84' title='bbox 1379 813 1524 883; x_wconf 89' lang='lat' dir='ltr'>eliminat,</span> <span class='ocrx_word' id='word_1_85' title='bbox 1541 812 1766 870; x_wconf 73' lang='lat' dir='ltr'>obdurationem</span> <span class='ocrx_word' id='word_1_86' title='bbox 1790 827 1837 868; x_wconf 86' lang='lat' dir='ltr'>ex·</span> 
     </span>
     <span class='ocr_line' id='line_1_8' title="bbox 125 911 1132 987; baseline -0.006 -17"><span class='ocrx_word' id='word_1_87' title='bbox 125 932 143 964; x_wconf 78' lang='lat' dir='ltr'>a</span> <span class='ocrx_word' id='word_1_88' title='bbox 158 913 211 970; x_wconf 81' lang='lat' dir='ltr'>list</span> <span class='ocrx_word' id='word_1_89' title='bbox 224 918 376 987; x_wconf 84' lang='lat' dir='ltr'>peecatum</span> <span class='ocrx_word' id='word_1_90' title='bbox 393 913 430 970; x_wconf 91' lang='lat' dir='ltr'>ad</span> <span class='ocrx_word' id='word_1_91' title='bbox 447 913 728 983; x_wconf 87' lang='lat' dir='ltr'>mortem,nondiao</span> <span class='ocrx_word' id='word_1_92' title='bbox 739 929 834 987; x_wconf 87' lang='lat' dir='ltr'>proco</span> <span class='ocrx_word' id='word_1_93' title='bbox 845 911 953 986; x_wconf 90' lang='lat' dir='ltr'>utquls</span> <span class='ocrx_word' id='word_1_94' title='bbox 1007 912 1132 983; x_wconf 89' lang='lat' dir='ltr'>pugnat.</span> 
     </span>
    </p>
   </div>
   <div class='ocr_carea' id='block_1_3' title="bbox 603 1216 1372 1355">
    <p class='ocr_par' dir='ltr' id='par_1_3' title="bbox 603 1216 1372 1355">
     <span class='ocr_line' id='line_1_9' title="bbox 603 1216 1372 1355; baseline -0.012 -4"><span class='ocrx_word' id='word_1_95' title='bbox 603 1216 1209 1355; x_wconf 75' lang='lat' dir='ltr'>INNOGENTH</span> <span class='ocrx_word' id='word_1_96' title='bbox 1258 1216 1372 1344; x_wconf 85' lang='lat'>111</span> 
     </span>
    </p>
   </div>
   <div class='ocr_carea' id='block_1_4' title="bbox 779 1440 1173 1505">
    <p class='ocr_par' dir='ltr' id='par_1_4' title="bbox 779 1440 1173 1505">
     <span class='ocr_line' id='line_1_10' title="bbox 779 1440 1173 1505; baseline -0.008 -1"><span class='ocrx_word' id='word_1_97' title='bbox 779 1440 998 1505; x_wconf 75' lang='lat' dir='ltr'>Pou&#39;rlulols</span> <span class='ocrx_word' id='word_1_98' title='bbox 1020 1441 1173 1504; x_wconf 80' lang='lat' dir='ltr'>nouam</span> 
     </span>
    </p>
   </div>
   <div class='ocr_carea' id='block_1_5' title="bbox 471 1518 1491 1749">
    <p class='ocr_par' dir='ltr' id='par_1_5' title="bbox 471 1518 1491 1749">
     <span class='ocr_line' id='line_1_11' title="bbox 471 1518 1491 1749; baseline 0.008 -9"><span class='ocrx_word' id='word_1_99' title='bbox 471 1607 914 1744; x_wconf 84' lang='lat' dir='ltr'>uuuouruu</span> <span class='ocrx_word' id='word_1_100' title='bbox 975 1518 1491 1749; x_wconf 67' lang='lat' dir='ltr'>curaturus,</span> 
     </span>
    </p>
   </div>
   <div class='ocr_carea' id='block_1_6' title="bbox 601 1830 1360 1908">
    <p class='ocr_par' dir='ltr' id='par_1_6' title="bbox 601 1830 1360 1908">
     <span class='ocr_line' id='line_1_12' title="bbox 601 1830 1360 1908; baseline -0.005 -16"><span class='ocrx_word' id='word_1_101' title='bbox 601 1834 686 1908; x_wconf 86' lang='lat' dir='ltr'>(Opp.</span> <span class='ocrx_word' id='word_1_102' title='bbox 702 1832 865 1891; x_wconf 88' lang='lat' dir='ltr'>lunoceatii</span> <span class='ocrx_word' id='word_1_103' title='bbox 881 1832 918 1889; x_wconf 94' lang='lat' dir='ltr'>lll</span> <span class='ocrx_word' id='word_1_104' title='bbox 932 1832 979 1890; x_wconf 89' lang='lat' dir='ltr'>ed.</span> <span class='ocrx_word' id='word_1_105' title='bbox 997 1831 1076 1901; x_wconf 75' lang='lat'>1575,</span> <span class='ocrx_word' id='word_1_106' title='bbox 1092 1830 1204 1903; x_wconf 80' lang='lat' dir='ltr'>(lolem,</span> <span class='ocrx_word' id='word_1_107' title='bbox 1219 1830 1360 1904; x_wconf 71' lang='lat' dir='ltr'>infolio.)</span> 
     </span>
    </p>
   </div>
   <div class='ocr_carea' id='block_1_7' title="bbox 232 2094 1722 2251">
    <p class='ocr_par' dir='ltr' id='par_1_7' title="bbox 232 2094 1722 2251">
     <span class='ocr_line' id='line_1_13' title="bbox 232 2094 1722 2171; baseline -0.001 -15"><span class='ocrx_word' id='word_1_108' title='bbox 232 2099 358 2158; x_wconf 78' lang='lat' dir='ltr'>cleriter</span> <span class='ocrx_word' id='word_1_109' title='bbox 382 2107 413 2158; x_wconf 84' lang='lat' dir='ltr'>m</span> <span class='ocrx_word' id='word_1_110' title='bbox 434 2100 505 2158; x_wconf 82' lang='lat' dir='ltr'>deut</span> <span class='ocrx_word' id='word_1_111' title='bbox 528 2115 608 2158; x_wconf 84' lang='lat' dir='ltr'>omae</span> <span class='ocrx_word' id='word_1_112' title='bbox 631 2101 733 2157; x_wconf 83' lang='lat' dir='ltr'>bouum</span> <span class='ocrx_word' id='word_1_113' title='bbox 753 2113 832 2171; x_wconf 78' lang='lat' dir='ltr'>opus,</span> <span class='ocrx_word' id='word_1_114' title='bbox 854 2095 896 2153; x_wconf 79' lang='lat' dir='ltr'>ric</span> <span class='ocrx_word' id='word_1_115' title='bbox 915 2096 1002 2153; x_wconf 84' lang='lat' dir='ltr'>atium</span> <span class='ocrx_word' id='word_1_116' title='bbox 1023 2095 1226 2169; x_wconf 76' lang='lat' dir='ltr'>eleemosynam</span> <span class='ocrx_word' id='word_1_117' title='bbox 1249 2094 1409 2170; x_wconf 78' lang='lat' dir='ltr'>reliquoque</span> <span class='ocrx_word' id='word_1_118' title='bbox 1428 2096 1542 2169; x_wconf 79' lang='lat' dir='ltr'>pietalis</span> <span class='ocrx_word' id='word_1_119' title='bbox 1565 2110 1648 2170; x_wconf 82' lang='lat' dir='ltr'>opere</span> <span class='ocrx_word' id='word_1_120' title='bbox 1669 2096 1722 2155; x_wconf 79' lang='lat' dir='ltr'>Dec</span> 
     </span>
     <span class='ocr_line' id='line_1_14' title="bbox 691 2174 1258 2251; baseline -0.005 -15"><span class='ocrx_word' id='word_1_121' title='bbox 691 2184 782 2251; x_wconf 80' lang='lat' dir='ltr'>prate,</span> <span class='ocrx_word' id='word_1_122' title='bbox 798 2178 960 2249; x_wconf 78' lang='lat' dir='ltr'>bcmiuipue</span> <span class='ocrx_word' id='word_1_123' title='bbox 978 2174 1122 2249; x_wconf 72' lang='lat' dir='ltr'>fructuose</span> <span class='ocrx_word' id='word_1_124' title='bbox 1140 2176 1258 2248; x_wconf 67' lang='lat' dir='ltr'>efficiat.</span> 
     </span>
    </p>
   </div>
   <div class='ocr_carea' id='block_1_8' title="bbox 110 2459 1852 5671">
    <p class='ocr_par' dir='ltr' id='par_1_8' title="bbox 120 2459 1852 4329">
     <span class='ocr_line' id='line_1_15' title="bbox 156 2459 1829 2537; baseline 0.001 -18"><span class='ocrx_word' id='word_1_125' title='bbox 156 2461 315 2522; x_wconf 73' lang='lat' dir='ltr'>eharitatis</span> <span class='ocrx_word' id='word_1_126' title='bbox 338 2470 437 2524; x_wconf 88' lang='lat' dir='ltr'>autem</span> <span class='ocrx_word' id='word_1_127' title='bbox 459 2465 625 2523; x_wconf 89' lang='lat' dir='ltr'>encomium</span> <span class='ocrx_word' id='word_1_128' title='bbox 639 2465 670 2522; x_wconf 91' lang='lat' dir='ltr'>in</span> <span class='ocrx_word' id='word_1_129' title='bbox 685 2465 745 2521; x_wconf 87' lang='lat' dir='ltr'>line</span> <span class='ocrx_word' id='word_1_130' title='bbox 756 2463 804 2521; x_wconf 89' lang='lat' dir='ltr'>bic</span> <span class='ocrx_word' id='word_1_131' title='bbox 819 2462 944 2521; x_wconf 90' lang='lat' dir='ltr'>subnec-</span> <span class='ocrx_word' id='word_1_132' title='bbox 960 2461 984 2529; x_wconf 84' lang='grc' dir='ltr'><strong>Β</strong></span> <span class='ocrx_word' id='word_1_133' title='bbox 999 2459 1179 2517; x_wconf 89' lang='lat' dir='ltr'>desiderium</span> <span class='ocrx_word' id='word_1_134' title='bbox 1186 2463 1437 2528; x_wconf 78' lang='lat' dir='ltr'>eternorumncn</span> <span class='ocrx_word' id='word_1_135' title='bbox 1449 2459 1546 2518; x_wconf 87' lang='lat' dir='ltr'>solum</span> <span class='ocrx_word' id='word_1_136' title='bbox 1559 2460 1667 2519; x_wconf 89' lang='lat' dir='ltr'>blanda</span> <span class='ocrx_word' id='word_1_137' title='bbox 1677 2478 1829 2537; x_wconf 78' lang='lat' dir='ltr'>respuere,</span> 
     </span>
     <span class='ocr_line' id='line_1_16' title="bbox 120 2548 1827 2629; baseline -0.001 -19"><span class='ocrx_word' id='word_1_138' title='bbox 120 2556 217 2622; x_wconf 87' lang='lat' dir='ltr'>turus,</span> <span class='ocrx_word' id='word_1_139' title='bbox 227 2554 356 2627; x_wconf 89' lang='lat' dir='ltr'>primum</span> <span class='ocrx_word' id='word_1_140' title='bbox 366 2570 430 2612; x_wconf 89' lang='lat' dir='ltr'>eam</span> <span class='ocrx_word' id='word_1_141' title='bbox 439 2573 474 2612; x_wconf 87' lang='lat' dir='ltr'>ex</span> <span class='ocrx_word' id='word_1_142' title='bbox 482 2555 572 2612; x_wconf 89' lang='lat' dir='ltr'>sacris</span> <span class='ocrx_word' id='word_1_143' title='bbox 583 2554 689 2612; x_wconf 91' lang='lat' dir='ltr'>litteris</span> <span class='ocrx_word' id='word_1_144' title='bbox 698 2554 822 2629; x_wconf 91' lang='lat' dir='ltr'>probare</span> <span class='ocrx_word' id='word_1_145' title='bbox 831 2557 861 2611; x_wconf 92' lang='lat' dir='ltr'>et</span> <span class='ocrx_word' id='word_1_146' title='bbox 870 2567 947 2610; x_wconf 88' lang='lat' dir='ltr'>oom-</span> <span class='ocrx_word' id='word_1_147' title='bbox 1002 2548 1052 2607; x_wconf 89' lang='lat' dir='ltr'>sed</span> <span class='ocrx_word' id='word_1_148' title='bbox 1069 2549 1155 2605; x_wconf 87' lang='lat' dir='ltr'>etiam</span> <span class='ocrx_word' id='word_1_149' title='bbox 1167 2550 1300 2619; x_wconf 87' lang='lat' dir='ltr'>adversa,</span> <span class='ocrx_word' id='word_1_150' title='bbox 1312 2567 1365 2624; x_wconf 90' lang='lat' dir='ltr'>pro</span> <span class='ocrx_word' id='word_1_151' title='bbox 1375 2566 1409 2607; x_wconf 88' lang='lat' dir='ltr'>eo</span> <span class='ocrx_word' id='word_1_152' title='bbox 1420 2549 1497 2623; x_wconf 90' lang='lat' dir='ltr'>quod</span> <span class='ocrx_word' id='word_1_153' title='bbox 1513 2550 1611 2625; x_wconf 81' lang='lat' dir='ltr'>diligit</span> <span class='ocrx_word' id='word_1_154' title='bbox 1626 2551 1827 2625; x_wconf 90' lang='lat' dir='ltr'>adipiscendo,</span> 
     </span>
     <span class='ocr_line' id='line_1_17' title="bbox 122 2637 1826 2718; baseline 0 -19"><span class='ocrx_word' id='word_1_155' title='bbox 122 2644 262 2701; x_wconf 88' lang='lat' dir='ltr'>mendara</span> <span class='ocrx_word' id='word_1_156' title='bbox 283 2661 377 2718; x_wconf 83' lang='lat' dir='ltr'>opere</span> <span class='ocrx_word' id='word_1_157' title='bbox 394 2647 521 2718; x_wconf 86' lang='lat' dir='ltr'>pretium</span> <span class='ocrx_word' id='word_1_158' title='bbox 536 2644 683 2701; x_wconf 85' lang='lat' dir='ltr'>existimo.</span> <span class='ocrx_word' id='word_1_159' title='bbox 699 2644 775 2701; x_wconf 86' lang='lat' dir='ltr'>Sunt</span> <span class='ocrx_word' id='word_1_160' title='bbox 789 2648 888 2699; x_wconf 88' lang='lat' dir='ltr'>autem</span> <span class='ocrx_word' id='word_1_161' title='bbox 903 2641 947 2697; x_wconf 88' lang='lat' dir='ltr'>hae</span> <span class='ocrx_word' id='word_1_162' title='bbox 1002 2637 1218 2711; x_wconf 88' lang='lat' dir='ltr'>cogittolerare.</span> <span class='ocrx_word' id='word_1_163' title='bbox 1230 2639 1502 2698; x_wconf 80' lang='lat' dir='ltr'>Hacestobarietas</span> <span class='ocrx_word' id='word_1_164' title='bbox 1513 2656 1577 2714; x_wconf 78' lang='lat' dir='ltr'>quas</span> <span class='ocrx_word' id='word_1_165' title='bbox 1589 2640 1659 2698; x_wconf 77' lang='lat' dir='ltr'>Abel</span> <span class='ocrx_word' id='word_1_166' title='bbox 1670 2646 1826 2716; x_wconf 78' lang='lat' dir='ltr'>martyrem</span> 
     </span>
     <span class='ocr_line' id='line_1_18' title="bbox 122 2729 1827 2809; baseline -0.001 -19"><span class='ocrx_word' id='word_1_167' title='bbox 122 2731 396 2808; x_wconf 61' lang='lat' dir='ltr'>auctoritatemque</span> <span class='ocrx_word' id='word_1_168' title='bbox 409 2734 532 2792; x_wconf 89' lang='lat' dir='ltr'>lormam</span> <span class='ocrx_word' id='word_1_169' title='bbox 544 2733 883 2809; x_wconf 82' lang='lat' dir='ltr'>preferuutebaritatis:</span> <span class='ocrx_word' id='word_1_170' title='bbox 900 2730 947 2786; x_wconf 81' lang='lat' dir='ltr'>ui·</span> <span class='ocrx_word' id='word_1_171' title='bbox 1002 2729 1080 2799; x_wconf 87' lang='lat' dir='ltr'>lecit,</span> <span class='ocrx_word' id='word_1_172' title='bbox 1094 2729 1241 2787; x_wconf 73' lang='lat' dir='ltr'>Abraham</span> <span class='ocrx_word' id='word_1_173' title='bbox 1256 2731 1292 2786; x_wconf 93' lang='lat' dir='ltr'>de</span> <span class='ocrx_word' id='word_1_174' title='bbox 1307 2734 1384 2787; x_wconf 89' lang='lat' dir='ltr'>terra</span> <span class='ocrx_word' id='word_1_175' title='bbox 1395 2748 1449 2788; x_wconf 91' lang='lat' dir='ltr'>sua</span> <span class='ocrx_word' id='word_1_176' title='bbox 1463 2731 1573 2788; x_wconf 85' lang='lat' dir='ltr'>eduxit.</span> <span class='ocrx_word' id='word_1_177' title='bbox 1591 2737 1658 2789; x_wconf 79' lang='lat' dir='ltr'>fleo</span> <span class='ocrx_word' id='word_1_178' title='bbox 1672 2732 1780 2806; x_wconf 83' lang='lat' dir='ltr'>Jceepb</span> <span class='ocrx_word' id='word_1_179' title='bbox 1797 2731 1827 2788; x_wconf 91' lang='lat' dir='ltr'>in</span> 
     </span>
     <span class='ocr_line' id='line_1_19' title="bbox 123 2820 1829 2895; baseline 0.001 -17"><span class='ocrx_word' id='word_1_180' title='bbox 123 2822 192 2892; x_wconf 83' lang='lat' dir='ltr'>lipes</span> <span class='ocrx_word' id='word_1_181' title='bbox 205 2823 352 2880; x_wconf 78' lang='lat' dir='ltr'>Dominum</span> <span class='ocrx_word' id='word_1_182' title='bbox 374 2824 461 2880; x_wconf 80' lang='lat' dir='ltr'>ileum</span> <span class='ocrx_word' id='word_1_183' title='bbox 476 2833 556 2882; x_wconf 87' lang='lat' dir='ltr'>tuum</span> <span class='ocrx_word' id='word_1_184' title='bbox 569 2839 604 2880; x_wconf 79' lang='lat' dir='ltr'>ee</span> <span class='ocrx_word' id='word_1_185' title='bbox 618 2823 768 2881; x_wconf 82' lang='lat' dir='ltr'>totocorde</span> <span class='ocrx_word' id='word_1_186' title='bbox 790 2831 849 2892; x_wconf 83' lang='lat' dir='ltr'>tuo,</span> <span class='ocrx_word' id='word_1_187' title='bbox 865 2825 891 2879; x_wconf 87' lang='lat' dir='ltr'>et</span> <span class='ocrx_word' id='word_1_188' title='bbox 913 2837 950 2878; x_wconf 79' lang='lat' dir='ltr'>ee</span> <span class='ocrx_word' id='word_1_189' title='bbox 1001 2820 1125 2894; x_wconf 81' lang='lat' dir='ltr'>AEgypto</span> <span class='ocrx_word' id='word_1_190' title='bbox 1140 2820 1274 2877; x_wconf 85' lang='lat' dir='ltr'>servavit.</span> <span class='ocrx_word' id='word_1_191' title='bbox 1291 2824 1357 2877; x_wconf 84' lang='lat' dir='ltr'>fleo</span> <span class='ocrx_word' id='word_1_192' title='bbox 1371 2826 1416 2877; x_wconf 89' lang='lat' dir='ltr'>est</span> <span class='ocrx_word' id='word_1_193' title='bbox 1430 2820 1633 2894; x_wconf 82' lang='lat' dir='ltr'>llamma,qure</span> <span class='ocrx_word' id='word_1_194' title='bbox 1648 2822 1744 2879; x_wconf 84' lang='lat' dir='ltr'>tribue</span> <span class='ocrx_word' id='word_1_195' title='bbox 1759 2838 1829 2895; x_wconf 90' lang='lat' dir='ltr'>pue·</span> 
     </span>
     <span class='ocr_line' id='line_1_20' title="bbox 123 2908 1825 2984; baseline 0 -16"><span class='ocrx_word' id='word_1_196' title='bbox 123 2915 286 2969; x_wconf 84' lang='lat' dir='ltr'>tctcauime</span> <span class='ocrx_word' id='word_1_197' title='bbox 296 2917 386 2982; x_wconf 64' lang='lat' dir='ltr'>tumet</span> <span class='ocrx_word' id='word_1_198' title='bbox 400 2930 437 2970; x_wconf 78' lang='lat' dir='ltr'>ee</span> <span class='ocrx_word' id='word_1_199' title='bbox 451 2918 508 2970; x_wconf 82' lang='lat' dir='ltr'>totu</span> <span class='ocrx_word' id='word_1_200' title='bbox 521 2916 611 2970; x_wconf 76' lang='lat' dir='ltr'>menie</span> <span class='ocrx_word' id='word_1_201' title='bbox 621 2922 678 2984; x_wconf 84' lang='lat' dir='ltr'>tua,</span> <span class='ocrx_word' id='word_1_202' title='bbox 687 2916 754 2970; x_wconf 75' lang='lat' dir='ltr'>elea</span> <span class='ocrx_word' id='word_1_203' title='bbox 765 2914 893 2969; x_wconf 85' lang='lat' dir='ltr'>omuibus</span> <span class='ocrx_word' id='word_1_204' title='bbox 904 2914 947 2967; x_wconf 89' lang='lat' dir='ltr'>ui·</span> <span class='ocrx_word' id='word_1_205' title='bbox 1002 2908 1041 2965; x_wconf 87' lang='lat' dir='ltr'>ria</span> <span class='ocrx_word' id='word_1_206' title='bbox 1056 2910 1085 2964; x_wconf 89' lang='lat' dir='ltr'>ia</span> <span class='ocrx_word' id='word_1_207' title='bbox 1102 2908 1218 2966; x_wconf 88' lang='lat' dir='ltr'>lornaoe</span> <span class='ocrx_word' id='word_1_208' title='bbox 1233 2908 1381 2965; x_wconf 87' lang='lat' dir='ltr'>flammam</span> <span class='ocrx_word' id='word_1_209' title='bbox 1392 2909 1540 2966; x_wconf 90' lang='lat' dir='ltr'>exstinxit.</span> <span class='ocrx_word' id='word_1_210' title='bbox 1553 2910 1629 2984; x_wconf 80' lang='lat' dir='ltr'>(Gen.</span> <span class='ocrx_word' id='word_1_211' title='bbox 1643 2927 1682 2980; x_wconf 87' lang='lat' dir='ltr'>xv,</span> <span class='ocrx_word' id='word_1_212' title='bbox 1696 2927 1757 2980; x_wconf 88' lang='lat' dir='ltr'>xm,</span> <span class='ocrx_word' id='word_1_213' title='bbox 1769 2928 1825 2983; x_wconf 81' lang='lat' dir='ltr'>xxx3</span> 
     </span>
     <span class='ocr_line' id='line_1_21' title="bbox 123 2999 1828 3076; baseline -0.001 -18"><span class='ocrx_word' id='word_1_214' title='bbox 123 3001 200 3058; x_wconf 83' lang='lat' dir='ltr'>ribus</span> <span class='ocrx_word' id='word_1_215' title='bbox 214 3004 318 3073; x_wconf 61' lang='lat' dir='ltr'>tuimet</span> <span class='ocrx_word' id='word_1_216' title='bbox 328 3005 488 3076; x_wconf 80' lang='lat' dir='ltr'>proximum</span> <span class='ocrx_word' id='word_1_217' title='bbox 504 3007 582 3060; x_wconf 87' lang='lat' dir='ltr'>tuum</span> <span class='ocrx_word' id='word_1_218' title='bbox 596 3005 668 3060; x_wconf 75' lang='lat' dir='ltr'>sicut</span> <span class='ocrx_word' id='word_1_219' title='bbox 681 3005 800 3075; x_wconf 81' lang='lat' dir='ltr'>teipsum</span> <span class='ocrx_word' id='word_1_220' title='bbox 806 3004 947 3071; x_wconf 66' lang='lat' dir='ltr'>(neutum</span> <span class='ocrx_word' id='word_1_221' title='bbox 1002 3003 1074 3056; x_wconf 78' lang='lat' dir='ltr'>Dua.</span> <span class='ocrx_word' id='word_1_222' title='bbox 1090 2999 1144 3072; x_wconf 90' lang='lat' dir='ltr'>ru).</span> <span class='ocrx_word' id='word_1_223' title='bbox 1154 3003 1222 3056; x_wconf 83' lang='lat' dir='ltr'>Heu</span> <span class='ocrx_word' id='word_1_224' title='bbox 1236 3002 1282 3056; x_wconf 88' lang='lat' dir='ltr'>eat</span> <span class='ocrx_word' id='word_1_225' title='bbox 1297 2999 1426 3057; x_wconf 87' lang='lat' dir='ltr'>charitas</span> <span class='ocrx_word' id='word_1_226' title='bbox 1437 3000 1570 3058; x_wconf 87' lang='lat' dir='ltr'>omnium</span> <span class='ocrx_word' id='word_1_227' title='bbox 1581 3001 1726 3058; x_wconf 92' lang='lat' dir='ltr'>bonorum</span> <span class='ocrx_word' id='word_1_228' title='bbox 1736 2999 1828 3059; x_wconf 89' lang='lat' dir='ltr'>maxi-</span> 
     </span>
     <span class='ocr_line' id='line_1_22' title="bbox 122 3087 1826 3165; baseline 0 -18"><span class='ocrx_word' id='word_1_229' title='bbox 122 3090 226 3162; x_wconf 79' lang='lat' dir='ltr'>llluttb.</span> <span class='ocrx_word' id='word_1_230' title='bbox 241 3093 323 3165; x_wconf 82' lang='lat' dir='ltr'>xxrrl.</span> <span class='ocrx_word' id='word_1_231' title='bbox 340 3095 412 3150; x_wconf 90' lang='lat' dir='ltr'>ltem</span> <span class='ocrx_word' id='word_1_232' title='bbox 425 3093 556 3150; x_wconf 87' lang='lat' dir='ltr'>Joaunas</span> <span class='ocrx_word' id='word_1_233' title='bbox 570 3093 630 3149; x_wconf 89' lang='lat' dir='ltr'>ait:</span> <span class='ocrx_word' id='word_1_234' title='bbox 654 3094 726 3149; x_wconf 80' lang='lat' dir='ltr'>Deus</span> <span class='ocrx_word' id='word_1_235' title='bbox 747 3091 871 3148; x_wconf 79' lang='lat' dir='ltr'>oboritur</span> <span class='ocrx_word' id='word_1_236' title='bbox 888 3094 946 3158; x_wconf 81' lang='lat' dir='ltr'>eri3</span> <span class='ocrx_word' id='word_1_237' title='bbox 1003 3105 1060 3157; x_wconf 86' lang='lat' dir='ltr'>ma,</span> <span class='ocrx_word' id='word_1_238' title='bbox 1077 3089 1122 3144; x_wconf 91' lang='lat' dir='ltr'>cui</span> <span class='ocrx_word' id='word_1_239' title='bbox 1137 3087 1179 3145; x_wconf 91' lang='lat' dir='ltr'>nil</span> <span class='ocrx_word' id='word_1_240' title='bbox 1195 3088 1272 3163; x_wconf 84' lang='lat' dir='ltr'>sapit</span> <span class='ocrx_word' id='word_1_241' title='bbox 1286 3093 1469 3162; x_wconf 89' lang='lat' dir='ltr'>extraneum,</span> <span class='ocrx_word' id='word_1_242' title='bbox 1479 3089 1523 3146; x_wconf 87' lang='lat' dir='ltr'>vel</span> <span class='ocrx_word' id='word_1_243' title='bbox 1539 3105 1686 3163; x_wconf 88' lang='lat' dir='ltr'>asperum,</span> <span class='ocrx_word' id='word_1_244' title='bbox 1696 3090 1741 3146; x_wconf 83' lang='lat' dir='ltr'>rel</span> <span class='ocrx_word' id='word_1_245' title='bbox 1758 3106 1826 3148; x_wconf 90' lang='lat' dir='ltr'>cou-</span> 
     </span>
     <span class='ocr_line' id='line_1_23' title="bbox 122 3178 1829 3254; baseline -0.001 -17"><span class='ocrx_word' id='word_1_246' title='bbox 122 3180 172 3252; x_wconf 79' lang='lat' dir='ltr'>pui</span> <span class='ocrx_word' id='word_1_247' title='bbox 192 3190 288 3238; x_wconf 81' lang='lat' dir='ltr'>umuet</span> <span class='ocrx_word' id='word_1_248' title='bbox 309 3184 340 3238; x_wconf 86' lang='lat' dir='ltr'>iu</span> <span class='ocrx_word' id='word_1_249' title='bbox 364 3182 511 3250; x_wconf 81' lang='lat' dir='ltr'>alteritate,</span> <span class='ocrx_word' id='word_1_250' title='bbox 528 3181 560 3237; x_wconf 86' lang='lat' dir='ltr'>iu</span> <span class='ocrx_word' id='word_1_251' title='bbox 582 3184 635 3239; x_wconf 85' lang='lat' dir='ltr'>Deo</span> <span class='ocrx_word' id='word_1_252' title='bbox 656 3189 759 3249; x_wconf 81' lang='lat' dir='ltr'>mouet,</span> <span class='ocrx_word' id='word_1_253' title='bbox 774 3184 801 3238; x_wconf 86' lang='lat' dir='ltr'>et</span> <span class='ocrx_word' id='word_1_254' title='bbox 824 3180 893 3236; x_wconf 71' lang='lat' dir='ltr'>Dura</span> <span class='ocrx_word' id='word_1_255' title='bbox 917 3181 948 3236; x_wconf 83' lang='grc' dir='ltr'>ιἰι</span> <span class='ocrx_word' id='word_1_256' title='bbox 1002 3178 1244 3250; x_wconf 86' lang='lat' dir='ltr'>lusum,virtutes</span> <span class='ocrx_word' id='word_1_257' title='bbox 1260 3183 1378 3236; x_wconf 83' lang='lat' dir='ltr'>caterae</span> <span class='ocrx_word' id='word_1_258' title='bbox 1394 3179 1829 3254; x_wconf 82' lang='lat' dir='ltr'>munimineaueperlectionis</span> 
     </span>
     <span class='ocr_line' id='line_1_24' title="bbox 120 3267 1828 3344; baseline -0.001 -17"><span class='ocrx_word' id='word_1_259' title='bbox 120 3286 153 3327; x_wconf 87' lang='lat' dir='ltr'>eo</span> <span class='ocrx_word' id='word_1_260' title='bbox 167 3271 262 3332; x_wconf 80' lang='lat' dir='ltr'>(Juou.</span> <span class='ocrx_word' id='word_1_261' title='bbox 278 3272 347 3344; x_wconf 80' lang='lat' dir='ltr'>xxv).</span> <span class='ocrx_word' id='word_1_262' title='bbox 365 3271 439 3328; x_wconf 83' lang='lat' dir='ltr'>Item</span> <span class='ocrx_word' id='word_1_263' title='bbox 461 3274 588 3328; x_wconf 85' lang='lat' dir='ltr'>Petrus:</span> <span class='ocrx_word' id='word_1_264' title='bbox 613 3271 683 3328; x_wconf 77' lang='lat' dir='ltr'>Aule</span> <span class='ocrx_word' id='word_1_265' title='bbox 705 3272 800 3328; x_wconf 83' lang='lat' dir='ltr'>omniu</span> <span class='ocrx_word' id='word_1_266' title='bbox 821 3274 948 3327; x_wconf 86' lang='lat' dir='ltr'>mutuam</span> <span class='ocrx_word' id='word_1_267' title='bbox 1003 3268 1145 3325; x_wconf 82' lang='lat' dir='ltr'>solidans.</span> <span class='ocrx_word' id='word_1_268' title='bbox 1163 3268 1303 3341; x_wconf 80' lang='lat' dir='ltr'>Quisquis</span> <span class='ocrx_word' id='word_1_269' title='bbox 1318 3267 1348 3324; x_wconf 92' lang='lat' dir='ltr'>iu</span> <span class='ocrx_word' id='word_1_270' title='bbox 1363 3270 1428 3342; x_wconf 82' lang='lat' dir='ltr'>ejus</span> <span class='ocrx_word' id='word_1_271' title='bbox 1443 3270 1541 3326; x_wconf 88' lang='lat' dir='ltr'>radice</span> <span class='ocrx_word' id='word_1_272' title='bbox 1561 3286 1593 3327; x_wconf 89' lang='lat' dir='ltr'>se</span> <span class='ocrx_word' id='word_1_273' title='bbox 1614 3271 1729 3343; x_wconf 87' lang='lat' dir='ltr'>inserit,</span> <span class='ocrx_word' id='word_1_274' title='bbox 1744 3286 1828 3327; x_wconf 87' lang='lat' dir='ltr'>neca</span> 
     </span>
     <span class='ocr_line' id='line_1_25' title="bbox 120 3357 1827 3433; baseline -0.001 -16"><span class='ocrx_word' id='word_1_275' title='bbox 120 3362 151 3417; x_wconf 89' lang='grc' dir='ltr'>ιἰι</span> <span class='ocrx_word' id='word_1_276' title='bbox 180 3360 381 3433; x_wconf 74' lang='grc' dir='ltr'><strong>ιιὺὶιιιιιιὶριίι</strong></span> <span class='ocrx_word' id='word_1_277' title='bbox 406 3360 571 3417; x_wconf 78' lang='lat' dir='ltr'>alteritatem</span> <span class='ocrx_word' id='word_1_278' title='bbox 601 3361 764 3418; x_wconf 83' lang='lat' dir='ltr'>continuom</span> <span class='ocrx_word' id='word_1_279' title='bbox 793 3359 947 3416; x_wconf 81' lang='lat' dir='ltr'>babentes:</span> <span class='ocrx_word' id='word_1_280' title='bbox 1000 3357 1151 3414; x_wconf 78' lang='lat' dir='ltr'>viriditate</span> <span class='ocrx_word' id='word_1_281' title='bbox 1173 3358 1282 3431; x_wconf 86' lang='lat' dir='ltr'>delicit,</span> <span class='ocrx_word' id='word_1_282' title='bbox 1301 3375 1389 3415; x_wconf 90' lang='lat' dir='ltr'>neca</span> <span class='ocrx_word' id='word_1_283' title='bbox 1413 3359 1558 3417; x_wconf 90' lang='lat' dir='ltr'>lructibus</span> <span class='ocrx_word' id='word_1_284' title='bbox 1582 3360 1742 3431; x_wconf 88' lang='lat' dir='ltr'>evanescit,</span> <span class='ocrx_word' id='word_1_285' title='bbox 1757 3358 1827 3432; x_wconf 87' lang='lat' dir='ltr'>quia</span> 
     </span>
     <span class='ocr_line' id='line_1_26' title="bbox 120 3447 1827 3523; baseline -0.001 -18"><span class='ocrx_word' id='word_1_286' title='bbox 120 3450 188 3522; x_wconf 80' lang='lat' dir='ltr'>puio</span> <span class='ocrx_word' id='word_1_287' title='bbox 229 3450 354 3507; x_wconf 82' lang='lat' dir='ltr'>alteritas</span> <span class='ocrx_word' id='word_1_288' title='bbox 394 3449 484 3523; x_wconf 85' lang='lat' dir='ltr'>operit</span> <span class='ocrx_word' id='word_1_289' title='bbox 527 3448 736 3505; x_wconf 82' lang='lat' dir='ltr'>multitudinem</span> <span class='ocrx_word' id='word_1_290' title='bbox 776 3452 948 3521; x_wconf 82' lang='lat' dir='ltr'>peecatorum</span> <span class='ocrx_word' id='word_1_291' title='bbox 1002 3447 1190 3504; x_wconf 76' lang='lat' dir='ltr'>fecunditatis</span> <span class='ocrx_word' id='word_1_292' title='bbox 1214 3464 1289 3520; x_wconf 86' lang='lat' dir='ltr'>opus</span> <span class='ocrx_word' id='word_1_293' title='bbox 1313 3448 1469 3506; x_wconf 90' lang='lat' dir='ltr'>elllcaciter</span> <span class='ocrx_word' id='word_1_294' title='bbox 1493 3466 1549 3506; x_wconf 90' lang='lat' dir='ltr'>non</span> <span class='ocrx_word' id='word_1_295' title='bbox 1577 3449 1696 3506; x_wconf 88' lang='lat' dir='ltr'>amittit.</span> <span class='ocrx_word' id='word_1_296' title='bbox 1711 3453 1753 3506; x_wconf 82' lang='lat' dir='ltr'>De</span> <span class='ocrx_word' id='word_1_297' title='bbox 1772 3448 1827 3505; x_wconf 92' lang='lat' dir='ltr'>bac</span> 
     </span>
     <span class='ocr_line' id='line_1_27' title="bbox 121 3534 1827 3612; baseline 0 -18"><span class='ocrx_word' id='word_1_298' title='bbox 121 3538 145 3612; x_wconf 88' lang='lat'>(1</span> <span class='ocrx_word' id='word_1_299' title='bbox 160 3544 235 3596; x_wconf 77' lang='lat' dir='ltr'>rur.</span> <span class='ocrx_word' id='word_1_300' title='bbox 251 3540 301 3611; x_wconf 82' lang='grc' dir='ltr'><strong>ιν).</strong></span> <span class='ocrx_word' id='word_1_301' title='bbox 314 3538 386 3595; x_wconf 91' lang='lat' dir='ltr'>ltem</span> <span class='ocrx_word' id='word_1_302' title='bbox 401 3538 532 3595; x_wconf 85' lang='lat' dir='ltr'>Paulus:</span> <span class='ocrx_word' id='word_1_303' title='bbox 549 3538 680 3595; x_wconf 67' lang='lat' dir='ltr'>uiuum</span> <span class='ocrx_word' id='word_1_304' title='bbox 691 3538 801 3610; x_wconf 78' lang='lat' dir='ltr'>poliens</span> <span class='ocrx_word' id='word_1_305' title='bbox 812 3536 947 3603; x_wconf 68' lang='lat' dir='ltr'>estbeui·</span> <span class='ocrx_word' id='word_1_306' title='bbox 1003 3536 1133 3592; x_wconf 85' lang='lat' dir='ltr'>Isidorus</span> <span class='ocrx_word' id='word_1_307' title='bbox 1158 3535 1217 3592; x_wconf 90' lang='lat' dir='ltr'>ait:</span> <span class='ocrx_word' id='word_1_308' title='bbox 1244 3559 1255 3586; x_wconf 80' lang='grc' dir='ltr'><strong>ι</strong></span> <span class='ocrx_word' id='word_1_309' title='bbox 1271 3534 1392 3592; x_wconf 92' lang='lat' dir='ltr'>Nullum</span> <span class='ocrx_word' id='word_1_310' title='bbox 1417 3538 1567 3609; x_wconf 78' lang='lat' dir='ltr'>premium</span> <span class='ocrx_word' id='word_1_311' title='bbox 1593 3540 1746 3610; x_wconf 89' lang='lat' dir='ltr'>pensatur,</span> <span class='ocrx_word' id='word_1_312' title='bbox 1761 3536 1827 3594; x_wconf 84' lang='lat' dir='ltr'>alne</span> 
     </span>
     <span class='ocr_line' id='line_1_28' title="bbox 120 3624 1826 3701; baseline 0.001 -19"><span class='ocrx_word' id='word_1_313' title='bbox 120 3644 179 3701; x_wconf 82' lang='lat' dir='ltr'>pua</span> <span class='ocrx_word' id='word_1_314' title='bbox 193 3636 243 3695; x_wconf 81' lang='lat' dir='ltr'>est,</span> <span class='ocrx_word' id='word_1_315' title='bbox 256 3643 313 3684; x_wconf 80' lang='lat' dir='ltr'>uon</span> <span class='ocrx_word' id='word_1_316' title='bbox 326 3629 385 3701; x_wconf 79' lang='lat' dir='ltr'>cpit</span> <span class='ocrx_word' id='word_1_317' title='bbox 400 3643 549 3701; x_wconf 82' lang='lat' dir='ltr'>perperam</span> <span class='ocrx_word' id='word_1_318' title='bbox 573 3629 597 3700; x_wconf 90' lang='lat' dir='ltr'>(l</span> <span class='ocrx_word' id='word_1_319' title='bbox 622 3629 690 3685; x_wconf 81' lang='lat' dir='ltr'>Cor.</span> <span class='ocrx_word' id='word_1_320' title='bbox 706 3630 781 3696; x_wconf 78' lang='lat'>1111).</span> <span class='ocrx_word' id='word_1_321' title='bbox 798 3628 870 3684; x_wconf 90' lang='lat' dir='ltr'>Item</span> <span class='ocrx_word' id='word_1_322' title='bbox 895 3627 949 3684; x_wconf 84' lang='lat' dir='ltr'>Sa·</span> <span class='ocrx_word' id='word_1_323' title='bbox 1002 3641 1101 3682; x_wconf 89' lang='lat' dir='ltr'>amore</span> <span class='ocrx_word' id='word_1_324' title='bbox 1116 3624 1282 3682; x_wconf 87' lang='lat' dir='ltr'>charitatis:</span> <span class='ocrx_word' id='word_1_325' title='bbox 1299 3626 1433 3699; x_wconf 90' lang='lat' dir='ltr'>quamvis</span> <span class='ocrx_word' id='word_1_326' title='bbox 1444 3625 1746 3695; x_wconf 87' lang='lat' dir='ltr'>recteeredat,tameu</span> <span class='ocrx_word' id='word_1_327' title='bbox 1761 3625 1826 3683; x_wconf 86' lang='lat' dir='ltr'>sine</span> 
     </span>
     <span class='ocr_line' id='line_1_29' title="bbox 121 3714 1825 3790; baseline 0.001 -16"><span class='ocrx_word' id='word_1_328' title='bbox 121 3717 238 3774; x_wconf 87' lang='lat' dir='ltr'>lemen:</span> <span class='ocrx_word' id='word_1_329' title='bbox 264 3718 364 3774; x_wconf 83' lang='lat' dir='ltr'>Odium</span> <span class='ocrx_word' id='word_1_330' title='bbox 385 3720 499 3774; x_wconf 76' lang='lat' dir='ltr'>ruceium</span> <span class='ocrx_word' id='word_1_331' title='bbox 513 3718 601 3788; x_wconf 64' lang='lat' dir='ltr'>meua,</span> <span class='ocrx_word' id='word_1_332' title='bbox 614 3725 642 3773; x_wconf 84' lang='lat' dir='ltr'>et</span> <span class='ocrx_word' id='word_1_333' title='bbox 664 3718 786 3774; x_wconf 76' lang='lat' dir='ltr'>adoritur</span> <span class='ocrx_word' id='word_1_334' title='bbox 807 3718 883 3790; x_wconf 87' lang='lat' dir='ltr'>peril</span> <span class='ocrx_word' id='word_1_335' title='bbox 903 3716 948 3773; x_wconf 90' lang='lat' dir='ltr'>di·</span> <span class='ocrx_word' id='word_1_336' title='bbox 1001 3714 1144 3773; x_wconf 90' lang='lat' dir='ltr'>charitate</span> <span class='ocrx_word' id='word_1_337' title='bbox 1163 3716 1198 3772; x_wconf 91' lang='lat' dir='ltr'>ad</span> <span class='ocrx_word' id='word_1_338' title='bbox 1224 3715 1437 3773; x_wconf 88' lang='lat' dir='ltr'>beatitudiuem</span> <span class='ocrx_word' id='word_1_339' title='bbox 1461 3715 1611 3790; x_wconf 89' lang='lat' dir='ltr'>pervenire</span> <span class='ocrx_word' id='word_1_340' title='bbox 1634 3733 1693 3773; x_wconf 93' lang='lat' dir='ltr'>uon</span> <span class='ocrx_word' id='word_1_341' title='bbox 1718 3721 1825 3790; x_wconf 86' lang='lat' dir='ltr'>puteat.</span> 
     </span>
     <span class='ocr_line' id='line_1_30' title="bbox 121 3804 1827 3900; baseline -0.002 -35"><span class='ocrx_word' id='word_1_342' title='bbox 121 3807 364 3877; x_wconf 70' lang='lat' dir='ltr'>ieeliouemffrou.</span> <span class='ocrx_word' id='word_1_343' title='bbox 374 3809 413 3880; x_wconf 87' lang='lat' dir='ltr'>x).</span> <span class='ocrx_word' id='word_1_344' title='bbox 427 3809 499 3865; x_wconf 89' lang='lat' dir='ltr'>ltem</span> <span class='ocrx_word' id='word_1_345' title='bbox 512 3807 709 3881; x_wconf 77' lang='lat' dir='ltr'>Augustinus:</span> <span class='ocrx_word' id='word_1_346' title='bbox 722 3830 737 3859; x_wconf 81' lang='lat' dir='ltr'>u</span> <span class='ocrx_word' id='word_1_347' title='bbox 754 3807 860 3864; x_wconf 89' lang='lat' dir='ltr'>Omnia</span> <span class='ocrx_word' id='word_1_348' title='bbox 870 3824 946 3881; x_wconf 81' lang='lat' dir='ltr'>quae·</span> <span class='ocrx_word' id='word_1_349' title='bbox 960 3831 982 3900; x_wconf 69' lang='lat' dir='ltr'><strong>c</strong></span> <span class='ocrx_word' id='word_1_350' title='bbox 1000 3805 1075 3869; x_wconf 85' lang='lat' dir='ltr'>Quia</span> <span class='ocrx_word' id='word_1_351' title='bbox 1087 3808 1171 3861; x_wconf 88' lang='lat' dir='ltr'>lanta</span> <span class='ocrx_word' id='word_1_352' title='bbox 1185 3808 1231 3862; x_wconf 90' lang='lat' dir='ltr'>est</span> <span class='ocrx_word' id='word_1_353' title='bbox 1244 3804 1397 3863; x_wconf 87' lang='lat' dir='ltr'>charitatis</span> <span class='ocrx_word' id='word_1_354' title='bbox 1411 3804 1515 3877; x_wconf 87' lang='lat' dir='ltr'>virtus,</span> <span class='ocrx_word' id='word_1_355' title='bbox 1524 3809 1557 3861; x_wconf 90' lang='lat' dir='ltr'>ut</span> <span class='ocrx_word' id='word_1_356' title='bbox 1571 3804 1659 3861; x_wconf 88' lang='lat' dir='ltr'>etiam</span> <span class='ocrx_word' id='word_1_357' title='bbox 1674 3804 1827 3879; x_wconf 84' lang='lat' dir='ltr'>prophetia</span> 
     </span>
     <span class='ocr_line' id='line_1_31' title="bbox 120 3893 1826 3970; baseline -0.002 -15"><span class='ocrx_word' id='word_1_358' title='bbox 120 3895 694 3969; x_wconf 87' lang='lat' dir='ltr'>cunquelecimusaiuscbaritate,nibil</span> <span class='ocrx_word' id='word_1_359' title='bbox 710 3896 796 3953; x_wconf 88' lang='lat' dir='ltr'>nobis</span> <span class='ocrx_word' id='word_1_360' title='bbox 811 3900 944 3970; x_wconf 79' lang='lat' dir='ltr'>prosunt3</span> <span class='ocrx_word' id='word_1_361' title='bbox 1001 3899 1030 3951; x_wconf 91' lang='lat' dir='ltr'>et</span> <span class='ocrx_word' id='word_1_362' title='bbox 1046 3895 1219 3968; x_wconf 79' lang='lat' dir='ltr'>martyrium</span> <span class='ocrx_word' id='word_1_363' title='bbox 1237 3895 1301 3952; x_wconf 88' lang='lat' dir='ltr'>sina</span> <span class='ocrx_word' id='word_1_364' title='bbox 1316 3893 1367 3951; x_wconf 91' lang='lat' dir='ltr'>illa</span> <span class='ocrx_word' id='word_1_365' title='bbox 1382 3894 1422 3951; x_wconf 91' lang='lat' dir='ltr'>ull</span> <span class='ocrx_word' id='word_1_366' title='bbox 1441 3910 1507 3951; x_wconf 86' lang='lat' dir='ltr'>ease</span> <span class='ocrx_word' id='word_1_367' title='bbox 1528 3895 1673 3952; x_wconf 88' lang='lat' dir='ltr'>credatur.</span> <span class='ocrx_word' id='word_1_368' title='bbox 1690 3894 1826 3953; x_wconf 79' lang='lat' dir='ltr'>Charitas</span> 
     </span>
     <span class='ocr_line' id='line_1_32' title="bbox 122 3978 1852 4058; baseline -0.001 -16"><span class='ocrx_word' id='word_1_369' title='bbox 122 3985 237 4042; x_wconf 75' lang='lat' dir='ltr'>fatuum</span> <span class='ocrx_word' id='word_1_370' title='bbox 252 3991 280 4042; x_wconf 90' lang='lat' dir='ltr'>et</span> <span class='ocrx_word' id='word_1_371' title='bbox 293 3985 382 4043; x_wconf 89' lang='lat' dir='ltr'>inane</span> <span class='ocrx_word' id='word_1_372' title='bbox 394 3986 527 4043; x_wconf 89' lang='lat' dir='ltr'>studium</span> <span class='ocrx_word' id='word_1_373' title='bbox 540 3985 775 4058; x_wconf 88' lang='lat' dir='ltr'>expendimus,si</span> <span class='ocrx_word' id='word_1_374' title='bbox 787 4003 845 4043; x_wconf 88' lang='lat' dir='ltr'>uon</span> <span class='ocrx_word' id='word_1_375' title='bbox 857 3987 944 4044; x_wconf 90' lang='lat' dir='ltr'>habe·</span> <span class='ocrx_word' id='word_1_376' title='bbox 1001 3984 1133 4040; x_wconf 87' lang='lat' dir='ltr'>omnium</span> <span class='ocrx_word' id='word_1_377' title='bbox 1156 3984 1297 4042; x_wconf 88' lang='lat' dir='ltr'>virtutum</span> <span class='ocrx_word' id='word_1_378' title='bbox 1313 3984 1425 4041; x_wconf 89' lang='lat' dir='ltr'>obtinet</span> <span class='ocrx_word' id='word_1_379' title='bbox 1441 3985 1650 4058; x_wconf 79' lang='lat' dir='ltr'>principatum.</span> <span class='ocrx_word' id='word_1_380' title='bbox 1667 4006 1681 4035; x_wconf 81' lang='lat' dir='ltr'>a</span> <span class='ocrx_word' id='word_1_381' title='bbox 1699 3985 1782 4040; x_wconf 87' lang='lat' dir='ltr'>Unde</span> <span class='ocrx_word' id='word_1_382' title='bbox 1796 3988 1826 4040; x_wconf 89' lang='lat' dir='ltr'>et</span> <span class='ocrx_word' id='word_1_383' title='bbox 1849 3978 1852 3983; x_wconf 75' lang='grc'><strong>’</strong></span> 
     </span>
     <span class='ocr_line' id='line_1_33' title="bbox 122 4071 1824 4150; baseline 0.001 -23"><span class='ocrx_word' id='word_1_384' title='bbox 122 4091 190 4132; x_wconf 85' lang='lat' dir='ltr'>mua</span> <span class='ocrx_word' id='word_1_385' title='bbox 204 4075 389 4145; x_wconf 74' lang='lat' dir='ltr'>charitatem,</span> <span class='ocrx_word' id='word_1_386' title='bbox 406 4077 456 4150; x_wconf 88' lang='lat' dir='ltr'>qui</span> <span class='ocrx_word' id='word_1_387' title='bbox 473 4075 549 4133; x_wconf 74' lang='lat' dir='ltr'>Deus</span> <span class='ocrx_word' id='word_1_388' title='bbox 566 4079 620 4133; x_wconf 75' lang='lat' dir='ltr'>ast.</span> <span class='ocrx_word' id='word_1_389' title='bbox 635 4096 650 4126; x_wconf 79' lang='lat' dir='ltr'>u</span> <span class='ocrx_word' id='word_1_390' title='bbox 676 4077 747 4132; x_wconf 91' lang='lat' dir='ltr'>ltem</span> <span class='ocrx_word' id='word_1_391' title='bbox 763 4075 920 4149; x_wconf 78' lang='lat' dir='ltr'>Gregorius</span> <span class='ocrx_word' id='word_1_392' title='bbox 936 4093 944 4135; x_wconf 88' lang='grc'>;</span> <span class='ocrx_word' id='word_1_393' title='bbox 1000 4073 1151 4130; x_wconf 84' lang='lat' dir='ltr'>vinculum</span> <span class='ocrx_word' id='word_1_394' title='bbox 1166 4074 1332 4130; x_wconf 78' lang='lat' dir='ltr'>dilectionis</span> <span class='ocrx_word' id='word_1_395' title='bbox 1345 4076 1380 4131; x_wconf 90' lang='lat' dir='ltr'>ab</span> <span class='ocrx_word' id='word_1_396' title='bbox 1395 4072 1533 4148; x_wconf 77' lang='lat' dir='ltr'>Apostolo</span> <span class='ocrx_word' id='word_1_397' title='bbox 1544 4073 1662 4140; x_wconf 88' lang='lat' dir='ltr'>dicitur,</span> <span class='ocrx_word' id='word_1_398' title='bbox 1674 4072 1745 4144; x_wconf 85' lang='lat' dir='ltr'>quia</span> <span class='ocrx_word' id='word_1_399' title='bbox 1758 4071 1824 4129; x_wconf 91' lang='lat' dir='ltr'>uni·</span> 
     </span>
     <span class='ocr_line' id='line_1_34' title="bbox 122 4160 1823 4239; baseline -0.001 -18"><span class='ocrx_word' id='word_1_400' title='bbox 122 4187 138 4218; x_wconf 78' lang='lat' dir='ltr'>a</span> <span class='ocrx_word' id='word_1_401' title='bbox 155 4169 248 4222; x_wconf 87' lang='lat' dir='ltr'>Tanto</span> <span class='ocrx_word' id='word_1_402' title='bbox 272 4165 400 4239; x_wconf 89' lang='lat' dir='ltr'>amplius</span> <span class='ocrx_word' id='word_1_403' title='bbox 425 4166 526 4237; x_wconf 86' lang='lat' dir='ltr'>rubigo</span> <span class='ocrx_word' id='word_1_404' title='bbox 547 4168 734 4239; x_wconf 89' lang='lat' dir='ltr'>pcccatorum</span> <span class='ocrx_word' id='word_1_405' title='bbox 749 4166 944 4234; x_wconf 88' lang='lat' dir='ltr'>consumitur,</span> <span class='ocrx_word' id='word_1_406' title='bbox 1000 4181 1089 4221; x_wconf 80' lang='lat' dir='ltr'>verse</span> <span class='ocrx_word' id='word_1_407' title='bbox 1104 4163 1226 4220; x_wconf 84' lang='lat' dir='ltr'>virtutes</span> <span class='ocrx_word' id='word_1_408' title='bbox 1241 4165 1306 4235; x_wconf 90' lang='lat' dir='ltr'>ejus</span> <span class='ocrx_word' id='word_1_409' title='bbox 1319 4164 1437 4220; x_wconf 85' lang='lat' dir='ltr'>vinculo</span> <span class='ocrx_word' id='word_1_410' title='bbox 1458 4162 1630 4237; x_wconf 86' lang='lat' dir='ltr'>religantur.</span> <span class='ocrx_word' id='word_1_411' title='bbox 1646 4160 1739 4234; x_wconf 85' lang='lat' dir='ltr'>Dilige</span> <span class='ocrx_word' id='word_1_412' title='bbox 1753 4177 1823 4235; x_wconf 90' lang='lat' dir='ltr'>ergo</span> 
     </span>
     <span class='ocr_line' id='line_1_35' title="bbox 120 4254 1822 4329; baseline -0.001 -17"><span class='ocrx_word' id='word_1_413' title='bbox 120 4258 232 4329; x_wconf 87' lang='lat' dir='ltr'>quanto</span> <span class='ocrx_word' id='word_1_414' title='bbox 248 4254 313 4327; x_wconf 88' lang='lat' dir='ltr'>igne</span> <span class='ocrx_word' id='word_1_415' title='bbox 327 4255 480 4312; x_wconf 85' lang='lat' dir='ltr'>eharitatis</span> <span class='ocrx_word' id='word_1_416' title='bbox 495 4260 643 4312; x_wconf 87' lang='lat' dir='ltr'>crematur</span> <span class='ocrx_word' id='word_1_417' title='bbox 658 4272 709 4313; x_wconf 92' lang='lat' dir='ltr'>cor</span> <span class='ocrx_word' id='word_1_418' title='bbox 722 4256 894 4328; x_wconf 85' lang='lat' dir='ltr'>peccatoris.</span> <span class='ocrx_word' id='word_1_419' title='bbox 911 4279 926 4308; x_wconf 78' lang='lat' dir='ltr'>u</span> <span class='ocrx_word' id='word_1_420' title='bbox 1000 4256 1156 4324; x_wconf 81' lang='lat' dir='ltr'>Dominum</span> <span class='ocrx_word' id='word_1_421' title='bbox 1172 4260 1205 4311; x_wconf 89' lang='lat' dir='ltr'>ut</span> <span class='ocrx_word' id='word_1_422' title='bbox 1218 4254 1418 4329; x_wconf 84' lang='lat' dir='ltr'>eligas,diliga</span> <span class='ocrx_word' id='word_1_423' title='bbox 1429 4255 1535 4312; x_wconf 85' lang='lat' dir='ltr'>melius</span> <span class='ocrx_word' id='word_1_424' title='bbox 1546 4259 1579 4311; x_wconf 88' lang='lat' dir='ltr'>ut</span> <span class='ocrx_word' id='word_1_425' title='bbox 1589 4254 1705 4312; x_wconf 87' lang='lat' dir='ltr'>salubre</span> <span class='ocrx_word' id='word_1_426' title='bbox 1720 4254 1822 4328; x_wconf 87' lang='lat' dir='ltr'>degas.</span> 
     </span>
    </p>

    <p class='ocr_par' dir='ltr' id='par_1_9' title="bbox 110 4343 1825 5671">
     <span class='ocr_line' id='line_1_36' title="bbox 156 4343 1822 4419; baseline 0.001 -20"><span class='ocrx_word' id='word_1_427' title='bbox 156 4343 196 4399; x_wconf 74' lang='lat' dir='ltr'>Ex</span> <span class='ocrx_word' id='word_1_428' title='bbox 211 4343 258 4400; x_wconf 89' lang='lat' dir='ltr'>his</span> <span class='ocrx_word' id='word_1_429' title='bbox 273 4345 315 4401; x_wconf 89' lang='lat' dir='ltr'>sic</span> <span class='ocrx_word' id='word_1_430' title='bbox 329 4345 547 4417; x_wconf 82' lang='lat' dir='ltr'>procedendum</span> <span class='ocrx_word' id='word_1_431' title='bbox 557 4348 621 4402; x_wconf 90' lang='lat' dir='ltr'>est:</span> <span class='ocrx_word' id='word_1_432' title='bbox 637 4344 709 4409; x_wconf 87' lang='lat' dir='ltr'>Quis</span> <span class='ocrx_word' id='word_1_433' title='bbox 724 4346 862 4419; x_wconf 81' lang='lat' dir='ltr'>preditus</span> <span class='ocrx_word' id='word_1_434' title='bbox 877 4346 944 4401; x_wconf 84' lang='lat' dir='ltr'>&#39;l&#39;ul-</span> <span class='ocrx_word' id='word_1_435' title='bbox 1001 4345 1090 4417; x_wconf 79' lang='lat' dir='ltr'>Dilige</span> <span class='ocrx_word' id='word_1_436' title='bbox 1107 4350 1195 4401; x_wconf 84' lang='lat' dir='ltr'>Deum</span> <span class='ocrx_word' id='word_1_437' title='bbox 1212 4349 1244 4400; x_wconf 91' lang='lat' dir='ltr'>ut</span> <span class='ocrx_word' id='word_1_438' title='bbox 1257 4344 1349 4417; x_wconf 84' lang='lat' dir='ltr'>eligas</span> <span class='ocrx_word' id='word_1_439' title='bbox 1361 4361 1426 4401; x_wconf 88' lang='lat' dir='ltr'>esse</span> <span class='ocrx_word' id='word_1_440' title='bbox 1440 4361 1508 4401; x_wconf 90' lang='lat' dir='ltr'>oum</span> <span class='ocrx_word' id='word_1_441' title='bbox 1524 4345 1594 4413; x_wconf 88' lang='lat' dir='ltr'>Deo,</span> <span class='ocrx_word' id='word_1_442' title='bbox 1605 4343 1822 4418; x_wconf 88' lang='lat' dir='ltr'>diligemelius,</span> 
     </span>
     <span class='ocr_line' id='line_1_37' title="bbox 119 4432 1823 4511; baseline 0.004 -23"><span class='ocrx_word' id='word_1_443' title='bbox 119 4432 198 4490; x_wconf 79' lang='lat' dir='ltr'>liena</span> <span class='ocrx_word' id='word_1_444' title='bbox 213 4432 394 4506; x_wconf 84' lang='lat' dir='ltr'>eloquentia,</span> <span class='ocrx_word' id='word_1_445' title='bbox 404 4433 471 4506; x_wconf 86' lang='lat' dir='ltr'>quis</span> <span class='ocrx_word' id='word_1_446' title='bbox 486 4433 711 4490; x_wconf 82' lang='lat' dir='ltr'>omniformatus</span> <span class='ocrx_word' id='word_1_447' title='bbox 724 4433 868 4506; x_wconf 88' lang='lat' dir='ltr'>sapientia</span> <span class='ocrx_word' id='word_1_448' title='bbox 883 4434 946 4490; x_wconf 88' lang='lat' dir='ltr'>sul·</span> <span class='ocrx_word' id='word_1_449' title='bbox 1000 4443 1034 4492; x_wconf 90' lang='lat' dir='ltr'>ut</span> <span class='ocrx_word' id='word_1_450' title='bbox 1049 4452 1127 4492; x_wconf 88' lang='lat' dir='ltr'>uuus</span> <span class='ocrx_word' id='word_1_451' title='bbox 1144 4436 1196 4492; x_wconf 86' lang='lat' dir='ltr'>llas</span> <span class='ocrx_word' id='word_1_452' title='bbox 1212 4452 1279 4492; x_wconf 91' lang='lat' dir='ltr'>cum</span> <span class='ocrx_word' id='word_1_453' title='bbox 1295 4454 1338 4493; x_wconf 93' lang='lat' dir='ltr'>eo.</span> <span class='ocrx_word' id='word_1_454' title='bbox 1352 4436 1405 4493; x_wconf 90' lang='lat' dir='ltr'>Per</span> <span class='ocrx_word' id='word_1_455' title='bbox 1420 4435 1606 4494; x_wconf 87' lang='lat' dir='ltr'>dilectionem</span> <span class='ocrx_word' id='word_1_456' title='bbox 1622 4453 1691 4510; x_wconf 92' lang='lat' dir='ltr'>ergo</span> <span class='ocrx_word' id='word_1_457' title='bbox 1706 4435 1823 4511; x_wconf 85' lang='lat' dir='ltr'>diligas,</span> 
     </span>
     <span class='ocr_line' id='line_1_38' title="bbox 122 4521 1825 4601; baseline 0.002 -23"><span class='ocrx_word' id='word_1_458' title='bbox 122 4522 184 4578; x_wconf 88' lang='lat' dir='ltr'>llcit</span> <span class='ocrx_word' id='word_1_459' title='bbox 207 4522 310 4579; x_wconf 89' lang='lat' dir='ltr'>laudes</span> <span class='ocrx_word' id='word_1_460' title='bbox 330 4522 483 4578; x_wconf 90' lang='lat' dir='ltr'>charitatis</span> <span class='ocrx_word' id='word_1_461' title='bbox 498 4521 672 4598; x_wconf 87' lang='lat' dir='ltr'>exprimere,</span> <span class='ocrx_word' id='word_1_462' title='bbox 686 4524 808 4596; x_wconf 86' lang='lat' dir='ltr'>ejusque</span> <span class='ocrx_word' id='word_1_463' title='bbox 822 4524 946 4582; x_wconf 87' lang='lat' dir='ltr'>virtutes</span> <span class='ocrx_word' id='word_1_464' title='bbox 1000 4526 1078 4598; x_wconf 89' lang='lat' dir='ltr'>quod</span> <span class='ocrx_word' id='word_1_465' title='bbox 1095 4525 1203 4599; x_wconf 88' lang='lat' dir='ltr'>diligis,</span> <span class='ocrx_word' id='word_1_466' title='bbox 1213 4525 1238 4583; x_wconf 90' lang='lat' dir='ltr'>si</span> <span class='ocrx_word' id='word_1_467' title='bbox 1250 4526 1344 4583; x_wconf 92' lang='lat' dir='ltr'>tutius</span> <span class='ocrx_word' id='word_1_468' title='bbox 1360 4527 1510 4601; x_wconf 88' lang='lat' dir='ltr'>pervenire</span> <span class='ocrx_word' id='word_1_469' title='bbox 1524 4526 1617 4599; x_wconf 89' lang='lat' dir='ltr'>cupis,</span> <span class='ocrx_word' id='word_1_470' title='bbox 1628 4531 1658 4583; x_wconf 82' lang='lat' dir='ltr'>at</span> <span class='ocrx_word' id='word_1_471' title='bbox 1670 4526 1776 4584; x_wconf 86' lang='lat' dir='ltr'>leelina</span> <span class='ocrx_word' id='word_1_472' title='bbox 1791 4531 1825 4582; x_wconf 91' lang='lat' dir='ltr'>ut</span> 
     </span>
     <span class='ocr_line' id='line_1_39' title="bbox 123 4611 1823 4690; baseline 0.002 -22"><span class='ocrx_word' id='word_1_473' title='bbox 123 4611 159 4668; x_wconf 87' lang='lat' dir='ltr'>ad</span> <span class='ocrx_word' id='word_1_474' title='bbox 174 4628 303 4684; x_wconf 89' lang='lat' dir='ltr'>unguem</span> <span class='ocrx_word' id='word_1_475' title='bbox 319 4615 482 4685; x_wconf 77' lang='lat' dir='ltr'>exponere?</span> <span class='ocrx_word' id='word_1_476' title='bbox 496 4611 561 4669; x_wconf 82' lang='lat' dir='ltr'>lieo</span> <span class='ocrx_word' id='word_1_477' title='bbox 574 4616 620 4668; x_wconf 89' lang='lat' dir='ltr'>est</span> <span class='ocrx_word' id='word_1_478' title='bbox 632 4613 772 4687; x_wconf 88' lang='lat' dir='ltr'>charitas,</span> <span class='ocrx_word' id='word_1_479' title='bbox 783 4632 846 4687; x_wconf 84' lang='lat' dir='ltr'>qua</span> <span class='ocrx_word' id='word_1_480' title='bbox 861 4616 947 4673; x_wconf 88' lang='lat' dir='ltr'>docet</span> <span class='ocrx_word' id='word_1_481' title='bbox 1001 4615 1214 4688; x_wconf 85' lang='lat' dir='ltr'>apprehendas.</span> <span class='ocrx_word' id='word_1_482' title='bbox 1232 4617 1307 4690; x_wconf 82' lang='lat' dir='ltr'>Ergo</span> <span class='ocrx_word' id='word_1_483' title='bbox 1323 4617 1574 4690; x_wconf 90' lang='lat' dir='ltr'>perdilectionem</span> <span class='ocrx_word' id='word_1_484' title='bbox 1590 4616 1695 4685; x_wconf 87' lang='lat' dir='ltr'>curris,</span> <span class='ocrx_word' id='word_1_485' title='bbox 1712 4632 1764 4690; x_wconf 89' lang='lat' dir='ltr'>per</span> <span class='ocrx_word' id='word_1_486' title='bbox 1777 4615 1823 4672; x_wconf 93' lang='lat' dir='ltr'>di·</span> 
     </span>
     <span class='ocr_line' id='line_1_40' title="bbox 121 4700 1824 4780; baseline 0.002 -23"><span class='ocrx_word' id='word_1_487' title='bbox 121 4700 275 4757; x_wconf 88' lang='lat' dir='ltr'>illeoebras</span> <span class='ocrx_word' id='word_1_488' title='bbox 292 4702 402 4774; x_wconf 88' lang='lat' dir='ltr'>lugere,</span> <span class='ocrx_word' id='word_1_489' title='bbox 417 4701 577 4773; x_wconf 81' lang='lat' dir='ltr'>uoluptates</span> <span class='ocrx_word' id='word_1_490' title='bbox 592 4702 714 4775; x_wconf 89' lang='lat' dir='ltr'>calcare,</span> <span class='ocrx_word' id='word_1_491' title='bbox 726 4703 824 4760; x_wconf 89' lang='lat' dir='ltr'>carnis</span> <span class='ocrx_word' id='word_1_492' title='bbox 838 4720 945 4761; x_wconf 90' lang='lat' dir='ltr'>concu-</span> <span class='ocrx_word' id='word_1_493' title='bbox 1000 4702 1154 4761; x_wconf 84' lang='lat' dir='ltr'>lectionem</span> <span class='ocrx_word' id='word_1_494' title='bbox 1171 4705 1378 4777; x_wconf 83' lang='lat' dir='ltr'>apprehendis.</span> <span class='ocrx_word' id='word_1_495' title='bbox 1396 4707 1468 4762; x_wconf 90' lang='lat' dir='ltr'>ltem</span> <span class='ocrx_word' id='word_1_496' title='bbox 1484 4723 1540 4777; x_wconf 87' lang='lat' dir='ltr'>quo</span> <span class='ocrx_word' id='word_1_497' title='bbox 1551 4706 1619 4780; x_wconf 89' lang='lat' dir='ltr'>plus</span> <span class='ocrx_word' id='word_1_498' title='bbox 1633 4706 1780 4778; x_wconf 89' lang='lat' dir='ltr'>diligis,eo</span> <span class='ocrx_word' id='word_1_499' title='bbox 1794 4707 1824 4762; x_wconf 89' lang='lat' dir='ltr'>et</span> 
     </span>
     <span class='ocr_line' id='line_1_41' title="bbox 123 4789 1823 4869; baseline 0.002 -23"><span class='ocrx_word' id='word_1_500' title='bbox 123 4790 282 4864; x_wconf 85' lang='lat' dir='ltr'>placentiae</span> <span class='ocrx_word' id='word_1_501' title='bbox 297 4791 444 4863; x_wconf 87' lang='lat' dir='ltr'>cohibere,</span> <span class='ocrx_word' id='word_1_502' title='bbox 460 4789 606 4848; x_wconf 90' lang='lat' dir='ltr'>desideria</span> <span class='ocrx_word' id='word_1_503' title='bbox 621 4790 723 4849; x_wconf 87' lang='lat' dir='ltr'>illicita</span> <span class='ocrx_word' id='word_1_504' title='bbox 738 4793 882 4866; x_wconf 81' lang='lat' dir='ltr'>frangere,</span> <span class='ocrx_word' id='word_1_505' title='bbox 897 4794 946 4851; x_wconf 91' lang='lat' dir='ltr'>bo·</span> <span class='ocrx_word' id='word_1_506' title='bbox 1000 4793 1129 4867; x_wconf 92' lang='lat' dir='ltr'>amplius</span> <span class='ocrx_word' id='word_1_507' title='bbox 1140 4793 1336 4867; x_wconf 86' lang='lat' dir='ltr'>amplecteris.</span> <span class='ocrx_word' id='word_1_508' title='bbox 1350 4796 1424 4869; x_wconf 85' lang='lat' dir='ltr'>llrgo</span> <span class='ocrx_word' id='word_1_509' title='bbox 1433 4795 1677 4868; x_wconf 89' lang='lat' dir='ltr'>perdilectionem</span> <span class='ocrx_word' id='word_1_510' title='bbox 1686 4794 1823 4868; x_wconf 87' lang='lat' dir='ltr'>superius</span> 
     </span>
     <span class='ocr_line' id='line_1_42' title="bbox 123 4878 1824 4958; baseline 0.002 -22"><span class='ocrx_word' id='word_1_511' title='bbox 123 4879 219 4937; x_wconf 89' lang='lat' dir='ltr'>mines</span> <span class='ocrx_word' id='word_1_512' title='bbox 234 4883 583 4952; x_wconf 89' lang='lat' dir='ltr'>contemnere,postremo</span> <span class='ocrx_word' id='word_1_513' title='bbox 594 4879 731 4936; x_wconf 84' lang='lat' dir='ltr'>universa</span> <span class='ocrx_word' id='word_1_514' title='bbox 745 4878 946 4940; x_wconf 88' lang='lat' dir='ltr'>blandimenta</span> <span class='ocrx_word' id='word_1_515' title='bbox 1000 4885 1065 4941; x_wconf 84' lang='lat' dir='ltr'>vide</span> <span class='ocrx_word' id='word_1_516' title='bbox 1080 4883 1116 4940; x_wconf 89' lang='lat' dir='ltr'>da</span> <span class='ocrx_word' id='word_1_517' title='bbox 1132 4900 1190 4958; x_wconf 89' lang='lat' dir='ltr'>quo</span> <span class='ocrx_word' id='word_1_518' title='bbox 1204 4884 1259 4941; x_wconf 89' lang='lat' dir='ltr'>tibi</span> <span class='ocrx_word' id='word_1_519' title='bbox 1274 4884 1389 4943; x_wconf 87' lang='lat' dir='ltr'>dileetio</span> <span class='ocrx_word' id='word_1_520' title='bbox 1412 4886 1476 4958; x_wconf 84' lang='lat' dir='ltr'>ipsa</span> <span class='ocrx_word' id='word_1_521' title='bbox 1491 4889 1544 4943; x_wconf 89' lang='lat' dir='ltr'>est.</span> <span class='ocrx_word' id='word_1_522' title='bbox 1562 4886 1683 4943; x_wconf 88' lang='lat' dir='ltr'>Dilectio</span> <span class='ocrx_word' id='word_1_523' title='bbox 1697 4884 1763 4958; x_wconf 88' lang='lat' dir='ltr'>ipsa</span> <span class='ocrx_word' id='word_1_524' title='bbox 1777 4886 1824 4940; x_wconf 84' lang='lat' dir='ltr'>est</span> 
     </span>
     <span class='ocr_line' id='line_1_43' title="bbox 121 4969 1823 5049; baseline 0.001 -22"><span class='ocrx_word' id='word_1_525' title='bbox 121 4984 269 5044; x_wconf 85' lang='lat' dir='ltr'>respuere.</span> <span class='ocrx_word' id='word_1_526' title='bbox 286 4969 326 5026; x_wconf 80' lang='lat' dir='ltr'>De</span> <span class='ocrx_word' id='word_1_527' title='bbox 341 4969 394 5025; x_wconf 90' lang='lat' dir='ltr'>bac</span> <span class='ocrx_word' id='word_1_528' title='bbox 419 4986 547 5041; x_wconf 89' lang='lat' dir='ltr'>sponsus</span> <span class='ocrx_word' id='word_1_529' title='bbox 560 4971 590 5026; x_wconf 89' lang='lat' dir='ltr'>in</span> <span class='ocrx_word' id='word_1_530' title='bbox 606 4969 726 5027; x_wconf 80' lang='lat' dir='ltr'>cantico</span> <span class='ocrx_word' id='word_1_531' title='bbox 749 4971 859 5028; x_wconf 89' lang='lat' dir='ltr'>amoris</span> <span class='ocrx_word' id='word_1_532' title='bbox 880 4974 945 5029; x_wconf 87' lang='lat' dir='ltr'>ait:</span> <span class='ocrx_word' id='word_1_533' title='bbox 1000 4991 1117 5042; x_wconf 88' lang='lat' dir='ltr'>cursus,</span> <span class='ocrx_word' id='word_1_534' title='bbox 1131 4975 1197 5047; x_wconf 89' lang='lat' dir='ltr'>ipsa</span> <span class='ocrx_word' id='word_1_535' title='bbox 1210 4979 1256 5031; x_wconf 86' lang='lat' dir='ltr'>est</span> <span class='ocrx_word' id='word_1_536' title='bbox 1270 4975 1430 5048; x_wconf 87' lang='lat' dir='ltr'>perventio,</span> <span class='ocrx_word' id='word_1_537' title='bbox 1440 4975 1506 5049; x_wconf 90' lang='lat' dir='ltr'>ipsa</span> <span class='ocrx_word' id='word_1_538' title='bbox 1516 4980 1561 5032; x_wconf 88' lang='lat' dir='ltr'>est</span> <span class='ocrx_word' id='word_1_539' title='bbox 1569 4973 1747 5047; x_wconf 88' lang='lat' dir='ltr'>permansio,</span> <span class='ocrx_word' id='word_1_540' title='bbox 1758 4972 1823 5046; x_wconf 83' lang='lat' dir='ltr'>ipsa</span> 
     </span>
     <span class='ocr_line' id='line_1_44' title="bbox 119 5059 1821 5140; baseline 0.001 -25"><span class='ocrx_word' id='word_1_541' title='bbox 119 5060 194 5117; x_wconf 80' lang='lat' dir='ltr'>Pom</span> <span class='ocrx_word' id='word_1_542' title='bbox 207 5075 251 5116; x_wconf 87' lang='lat' dir='ltr'>me</span> <span class='ocrx_word' id='word_1_543' title='bbox 264 5067 295 5114; x_wconf 85' lang='lat' dir='ltr'>ul</span> <span class='ocrx_word' id='word_1_544' title='bbox 309 5059 482 5131; x_wconf 75' lang='lat' dir='ltr'>signaculum</span> <span class='ocrx_word' id='word_1_545' title='bbox 496 5075 578 5132; x_wconf 79' lang='lat' dir='ltr'>super</span> <span class='ocrx_word' id='word_1_546' title='bbox 600 5074 647 5115; x_wconf 82' lang='lat' dir='ltr'>cor</span> <span class='ocrx_word' id='word_1_547' title='bbox 671 5067 759 5131; x_wconf 85' lang='lat' dir='ltr'>tuum,</span> <span class='ocrx_word' id='word_1_548' title='bbox 776 5060 842 5132; x_wconf 79' lang='lat' dir='ltr'>puio</span> <span class='ocrx_word' id='word_1_549' title='bbox 863 5061 946 5133; x_wconf 75' lang='lat' dir='ltr'>tortia</span> <span class='ocrx_word' id='word_1_550' title='bbox 1000 5068 1045 5120; x_wconf 87' lang='lat' dir='ltr'>est</span> <span class='ocrx_word' id='word_1_551' title='bbox 1059 5063 1223 5121; x_wconf 88' lang='lat' dir='ltr'>beatitudo.</span> <span class='ocrx_word' id='word_1_552' title='bbox 1242 5063 1332 5138; x_wconf 87' lang='lat' dir='ltr'>Dilige</span> <span class='ocrx_word' id='word_1_553' title='bbox 1354 5081 1423 5140; x_wconf 88' lang='lat' dir='ltr'>ergo</span> <span class='ocrx_word' id='word_1_554' title='bbox 1447 5066 1551 5131; x_wconf 82' lang='lat' dir='ltr'>Deum,</span> <span class='ocrx_word' id='word_1_555' title='bbox 1565 5064 1638 5137; x_wconf 90' lang='lat' dir='ltr'>elige</span> <span class='ocrx_word' id='word_1_556' title='bbox 1655 5062 1821 5130; x_wconf 82' lang='lat' dir='ltr'>Dominum,</span> 
     </span>
     <span class='ocr_line' id='line_1_45' title="bbox 110 5148 1822 5227; baseline 0.001 -22"><span class='ocrx_word' id='word_1_557' title='bbox 110 5158 158 5225; x_wconf 27' lang='lat' dir='ltr'>„eet</span> <span class='ocrx_word' id='word_1_558' title='bbox 182 5154 211 5205; x_wconf 84' lang='lat' dir='ltr'>ui</span> <span class='ocrx_word' id='word_1_559' title='bbox 235 5164 309 5205; x_wconf 84' lang='lat' dir='ltr'>mura</span> <span class='ocrx_word' id='word_1_560' title='bbox 323 5149 446 5215; x_wconf 79' lang='lat' dir='ltr'>ditectio,</span> <span class='ocrx_word' id='word_1_561' title='bbox 461 5148 532 5204; x_wconf 87' lang='lat' dir='ltr'>dura</span> <span class='ocrx_word' id='word_1_562' title='bbox 552 5151 625 5205; x_wconf 83' lang='lat' dir='ltr'>sicui</span> <span class='ocrx_word' id='word_1_563' title='bbox 650 5148 781 5221; x_wconf 82' lang='lat' dir='ltr'>infernus</span> <span class='ocrx_word' id='word_1_564' title='bbox 803 5151 946 5207; x_wconf 71' lang='lat' dir='ltr'>emulatio</span> <span class='ocrx_word' id='word_1_565' title='bbox 999 5169 1095 5223; x_wconf 89' lang='lat' dir='ltr'>curre,</span> <span class='ocrx_word' id='word_1_566' title='bbox 1111 5153 1307 5227; x_wconf 84' lang='lat' dir='ltr'>apprehende,</span> <span class='ocrx_word' id='word_1_567' title='bbox 1324 5153 1451 5226; x_wconf 85' lang='lat' dir='ltr'>posside,</span> <span class='ocrx_word' id='word_1_568' title='bbox 1468 5149 1822 5209; x_wconf 80' lang='lat' dir='ltr'>fruereflecestsiaeu·</span> 
     </span>
     <span class='ocr_line' id='line_1_46' title="bbox 119 5236 1823 5316; baseline 0.001 -21"><span class='ocrx_word' id='word_1_569' title='bbox 119 5236 209 5311; x_wconf 80' lang='lat' dir='ltr'>(Cant.</span> <span class='ocrx_word' id='word_1_570' title='bbox 226 5238 281 5312; x_wconf 84' lang='lat' dir='ltr'>ux).</span> <span class='ocrx_word' id='word_1_571' title='bbox 298 5237 376 5294; x_wconf 86' lang='lat' dir='ltr'>Mors</span> <span class='ocrx_word' id='word_1_572' title='bbox 390 5238 469 5295; x_wconf 89' lang='lat' dir='ltr'>enim</span> <span class='ocrx_word' id='word_1_573' title='bbox 483 5236 613 5294; x_wconf 82' lang='lat' dir='ltr'>viventes</span> <span class='ocrx_word' id='word_1_574' title='bbox 628 5238 799 5311; x_wconf 86' lang='lat' dir='ltr'>exstinguit,</span> <span class='ocrx_word' id='word_1_575' title='bbox 812 5239 945 5296; x_wconf 87' lang='lat' dir='ltr'>inlernus</span> <span class='ocrx_word' id='word_1_576' title='bbox 999 5242 1207 5314; x_wconf 83' lang='lat' dir='ltr'>perexcellens,</span> <span class='ocrx_word' id='word_1_577' title='bbox 1218 5241 1264 5298; x_wconf 89' lang='lat' dir='ltr'>via</span> <span class='ocrx_word' id='word_1_578' title='bbox 1279 5243 1511 5316; x_wconf 87' lang='lat' dir='ltr'>supereminens,</span> <span class='ocrx_word' id='word_1_579' title='bbox 1527 5241 1588 5297; x_wconf 83' lang='lat' dir='ltr'>vies</span> <span class='ocrx_word' id='word_1_580' title='bbox 1600 5240 1739 5297; x_wconf 89' lang='lat' dir='ltr'>distortas</span> <span class='ocrx_word' id='word_1_581' title='bbox 1754 5239 1823 5297; x_wconf 86' lang='lat' dir='ltr'>diri·</span> 
     </span>
     <span class='ocr_line' id='line_1_47' title="bbox 120 5327 1450 5405; baseline 0.002 -20"><span class='ocrx_word' id='word_1_582' title='bbox 120 5331 218 5385; x_wconf 88' lang='lat' dir='ltr'>autem</span> <span class='ocrx_word' id='word_1_583' title='bbox 235 5344 288 5385; x_wconf 89' lang='lat' dir='ltr'>nec</span> <span class='ocrx_word' id='word_1_584' title='bbox 303 5328 429 5384; x_wconf 85' lang='lat' dir='ltr'>mortuis</span> <span class='ocrx_word' id='word_1_585' title='bbox 453 5327 555 5400; x_wconf 89' lang='lat' dir='ltr'>parcit.</span> <span class='ocrx_word' id='word_1_586' title='bbox 572 5328 687 5384; x_wconf 81' lang='lat' dir='ltr'>dileetio</span> <span class='ocrx_word' id='word_1_587' title='bbox 708 5331 795 5400; x_wconf 82' lang='lat' dir='ltr'>lpitur</span> <span class='ocrx_word' id='word_1_588' title='bbox 817 5339 846 5384; x_wconf 85' lang='lat' dir='ltr'>ut</span> <span class='ocrx_word' id='word_1_589' title='bbox 869 5346 945 5387; x_wconf 82' lang='lat' dir='ltr'>mora</span> <span class='ocrx_word' id='word_1_590' title='bbox 999 5347 1082 5405; x_wconf 89' lang='lat' dir='ltr'>gens,</span> <span class='ocrx_word' id='word_1_591' title='bbox 1099 5333 1160 5388; x_wconf 88' lang='lat' dir='ltr'>vias</span> <span class='ocrx_word' id='word_1_592' title='bbox 1176 5337 1269 5389; x_wconf 89' lang='lat' dir='ltr'>reotas</span> <span class='ocrx_word' id='word_1_593' title='bbox 1281 5333 1450 5389; x_wconf 88' lang='lat' dir='ltr'>ostendeus.</span> 
     </span>
     <span class='ocr_line' id='line_1_48' title="bbox 120 5416 1820 5494; baseline 0.002 -20"><span class='ocrx_word' id='word_1_594' title='bbox 120 5418 265 5488; x_wconf 72' lang='lat' dir='ltr'>misertis.</span> <span class='ocrx_word' id='word_1_595' title='bbox 281 5417 354 5474; x_wconf 91' lang='lat' dir='ltr'>Nam</span> <span class='ocrx_word' id='word_1_596' title='bbox 378 5417 456 5474; x_wconf 91' lang='lat' dir='ltr'>sicut</span> <span class='ocrx_word' id='word_1_597' title='bbox 479 5416 528 5472; x_wconf 88' lang='lat' dir='ltr'>illa</span> <span class='ocrx_word' id='word_1_598' title='bbox 551 5433 671 5475; x_wconf 88' lang='lat' dir='ltr'>sensum</span> <span class='ocrx_word' id='word_1_599' title='bbox 696 5421 803 5486; x_wconf 89' lang='lat' dir='ltr'>carnis,</span> <span class='ocrx_word' id='word_1_600' title='bbox 821 5417 864 5474; x_wconf 86' lang='lat' dir='ltr'>sic</span> <span class='ocrx_word' id='word_1_601' title='bbox 887 5418 944 5475; x_wconf 86' lang='lat' dir='ltr'>ista</span> <span class='ocrx_word' id='word_1_602' title='bbox 1035 5420 1157 5478; x_wconf 75' lang='lat' dir='ltr'>Baeoest</span> <span class='ocrx_word' id='word_1_603' title='bbox 1171 5420 1310 5492; x_wconf 85' lang='lat' dir='ltr'>ebaritas,</span> <span class='ocrx_word' id='word_1_604' title='bbox 1324 5438 1387 5494; x_wconf 75' lang='lat' dir='ltr'>qu·</span> <span class='ocrx_word' id='word_1_605' title='bbox 1403 5427 1517 5477; x_wconf 88' lang='lat' dir='ltr'>tautum</span> <span class='ocrx_word' id='word_1_606' title='bbox 1542 5420 1573 5475; x_wconf 91' lang='lat' dir='ltr'>iu</span> <span class='ocrx_word' id='word_1_607' title='bbox 1593 5420 1685 5477; x_wconf 85' lang='lat' dir='ltr'>Deum</span> <span class='ocrx_word' id='word_1_608' title='bbox 1711 5437 1820 5494; x_wconf 80' lang='lat' dir='ltr'>preva-</span> 
     </span>
     <span class='ocr_line' id='line_1_49' title="bbox 120 5504 1822 5585; baseline 0.001 -21"><span class='ocrx_word' id='word_1_609' title='bbox 120 5506 257 5564; x_wconf 78' lang='lat' dir='ltr'>elleclum</span> <span class='ocrx_word' id='word_1_610' title='bbox 281 5504 408 5563; x_wconf 86' lang='lat' dir='ltr'>carnalis</span> <span class='ocrx_word' id='word_1_611' title='bbox 430 5505 674 5576; x_wconf 79' lang='lat' dir='ltr'>concupiscentie</span> <span class='ocrx_word' id='word_1_612' title='bbox 699 5507 794 5581; x_wconf 87' lang='lat' dir='ltr'>punit.</span> <span class='ocrx_word' id='word_1_613' title='bbox 811 5508 884 5565; x_wconf 81' lang='lat' dir='ltr'>Duru</span> <span class='ocrx_word' id='word_1_614' title='bbox 906 5513 945 5565; x_wconf 85' lang='lat' dir='ltr'>ert</span> <span class='ocrx_word' id='word_1_615' title='bbox 999 5509 1066 5578; x_wconf 88' lang='lat' dir='ltr'>luit,</span> <span class='ocrx_word' id='word_1_616' title='bbox 1078 5513 1233 5585; x_wconf 84' lang='lat' dir='ltr'>quodsum</span> <span class='ocrx_word' id='word_1_617' title='bbox 1244 5513 1279 5568; x_wconf 88' lang='lat' dir='ltr'>de</span> <span class='ocrx_word' id='word_1_618' title='bbox 1290 5513 1358 5568; x_wconf 90' lang='lat' dir='ltr'>sede</span> <span class='ocrx_word' id='word_1_619' title='bbox 1373 5527 1506 5584; x_wconf 81' lang='lat' dir='ltr'>superno</span> <span class='ocrx_word' id='word_1_620' title='bbox 1523 5511 1684 5583; x_wconf 82' lang='lat' dir='ltr'>majestatie</span> <span class='ocrx_word' id='word_1_621' title='bbox 1695 5510 1822 5567; x_wconf 89' lang='lat' dir='ltr'>adinlir·</span> 
     </span>
     <span class='ocr_line' id='line_1_50' title="bbox 119 5593 1825 5671; baseline 0.001 -17"><span class='ocrx_word' id='word_1_622' title='bbox 119 5597 191 5654; x_wconf 76' lang='lat' dir='ltr'>sicut</span> <span class='ocrx_word' id='word_1_623' title='bbox 206 5595 335 5670; x_wconf 68' lang='lat' dir='ltr'>tuleram</span> <span class='ocrx_word' id='word_1_624' title='bbox 350 5594 507 5664; x_wconf 77' lang='lat' dir='ltr'>emulatio,</span> <span class='ocrx_word' id='word_1_625' title='bbox 519 5593 653 5670; x_wconf 86' lang='lat' dir='ltr'>quiabca</span> <span class='ocrx_word' id='word_1_626' title='bbox 667 5612 743 5670; x_wconf 85' lang='lat' dir='ltr'>quos</span> <span class='ocrx_word' id='word_1_627' title='bbox 757 5597 839 5655; x_wconf 86' lang='lat' dir='ltr'>intus</span> <span class='ocrx_word' id='word_1_628' title='bbox 853 5596 945 5657; x_wconf 88' lang='lat' dir='ltr'>trabit</span> <span class='ocrx_word' id='word_1_629' title='bbox 1000 5599 1132 5660; x_wconf 84' lang='lat' dir='ltr'>mitatem</span> <span class='ocrx_word' id='word_1_630' title='bbox 1161 5606 1267 5662; x_wconf 83' lang='lat' dir='ltr'>nostre</span> <span class='ocrx_word' id='word_1_631' title='bbox 1291 5600 1484 5660; x_wconf 87' lang='lat' dir='ltr'>humanitatis</span> <span class='ocrx_word' id='word_1_632' title='bbox 1508 5600 1639 5671; x_wconf 85' lang='lat' dir='ltr'>adduxit,</span> <span class='ocrx_word' id='word_1_633' title='bbox 1659 5599 1825 5660; x_wconf 81' lang='lat' dir='ltr'>vulneravit</span> 
     </span>
    </p>
   </div>
   <div class='ocr_carea' id='block_1_9' title="bbox 0 0 1902 5986">
    <p class='ocr_par' dir='ltr' id='par_1_10' title="bbox 0 0 1902 5986">
     <span class='ocr_line' id='line_1_51' title="bbox 0 0 1902 5986; baseline 0 2"><span class='ocrx_word' id='word_1_634' title='bbox 0 0 1902 5986; x_wconf 95' lang='lat' dir='ltr'> </span> 
     </span>
    </p>
   </div>
  </div>
 </body>
</html>
