3804 5992
66 199 174 293 ¹oro-

215 357 285 415 llsto
300 359 400 415 eustos
414 355 512 413 cordis
525 350 594 424 mei,

77 518 81 525 ι
181 447 270 519 Signa
284 461 331 501 me
346 444 453 501 timore
468 443 530 513 Dei,

183 534 290 592 Oanisr
303 533 368 590 vitu
384 532 553 600 sanitatem,

219 623 263 680 Oa
276 627 305 680 et
320 638 437 681 morum
454 621 649 690 honestatem,

185 715 228 768 na
242 715 362 785 peooata
376 726 424 768 me
436 710 538 782 vitare,

185 801 222 859 ut
236 801 315 876 quod
325 801 444 874 justum
460 804 506 857 est
520 812 628 856 amare.

222 890 246 947 0
261 888 387 948 duloedo
400 887 565 963 virginalis,

186 979 345 1053 Nunquam
360 978 425 1050 tuit,
441 995 494 1036 neo
508 981 554 1036 est
568 975 638 1035 talis

187 1072 266 1127 luter
280 1073 365 1126 natas
378 1067 548 1125 mulierum.

223 1158 364 1216 Omnium
380 1158 501 1215 Creator
515 1171 613 1214 rerum

187 1248 228 1305 ‘le
243 1247 330 1320 elegit
345 1247 528 1320 genitricem,

189 1337 244 1405 Oui
258 1337 381 1394 Mariam
397 1335 588 1411 peooatriuem

226 1425 403 1483 ldmundavit
418 1441 436 1482 a
450 1428 544 1481 reatu.

192 1515 259 1590 lpse
274 1519 325 1572 tuo
340 1529 388 1572 me
404 1518 537 1586 preoatu,

190 1603 357 1676 Apeooatis
372 1603 487 1660 eunetis
503 1606 608 1675 tergat,

224 1691 266 1749 Ne
279 1691 414 1750 internus
430 1708 477 1748 me
491 1692 652 1765 demergat.

191 1781 245 1839 Sia
260 1798 328 1838 noea
343 1780 408 1839 sine
420 1780 516 1856 spina,

192 1875 382 1930 Peuuatorum
396 1870 552 1939 medioina,

230 1961 287 2019 Pro
303 1977 351 2018 me
365 1961 457 2018 Deum
475 1959 641 2034 interpella,

193 2050 231 2109 Ut
245 2066 293 2109 me
305 2050 398 2109 salvet
412 2066 430 2107 a
444 2049 572 2124 procella

191 2139 288 2211 Huius
301 2139 404 2197 mundi
418 2142 479 2195 tam
494 2137 642 2197 immundi
658 2157 665 2199 :

228 2229 319 2302 Cujus
334 2229 441 2286 lluetus
456 2227 608 2286 furibundi

192 2318 280 2376 Omni
295 2321 378 2392 parte
390 2334 438 2374 me
452 2319 644 2392 impungunt,

192 2406 225 2464 llt
240 2406 351 2480 peceati
365 2423 440 2464 nona
455 2406 617 2483 stringunt,

227 2495 343 2554 Christe
357 2494 411 2553 Fili
428 2497 535 2554 summi
550 2497 646 2556 Patris

192 2588 245 2642 rer
259 2601 390 2643 amorem
403 2588 460 2642 tue
476 2585 591 2658 matris,

193 2675 286 2748 Cujus
300 2678 403 2733 venter
416 2679 445 2732 te
460 2673 598 2749 portavit,

229 2764 264 2821 ut
276 2767 305 2820 ts
320 2762 399 2821 dulei
414 2762 489 2821 lacte
504 2763 584 2837 pavit
600 2781 607 2819 τ

192 2854 232 2911 'l'e
246 2868 298 2928 per
312 2837 408 2926 ipsam
425 2869 475 2909 oro
491 2852 625 2927 supplex,

192 2943 312 3011 Quieta
328 2959 360 3000 es
376 2940 457 2999 salus
472 2941 592 3016 duplex,

229 3033 338 3089 Rerum
354 3032 439 3089 detur
455 3031 685 3103 mundanarum,

194 3125 289 3195 Atque
304 3120 386 3178 salus
400 3120 578 3178 animarum.

195 3211 236 3268 're
251 3227 329 3267 nuno
343 3226 446 3284 precor
459 3211 526 3267 lieet
544 3226 611 3268 reus
628 3229 635 3270 :

233 3299 372 3358 Miserere
387 3300 455 3370 met,
471 3306 559 3370 Deus,

197 3389 346 3461 Miserere,
362 3388 540 3446 miserator:

743 223 950 282 reuocatam
969 223 1009 280 m
1027 223 1139 281 ntem.
1227 216 1232 223 '

932 352 959 419 Α
1062 349 1136 417 Quia
1150 364 1216 407 vere
1231 365 1297 422 sum
1312 351 1457 424 peooator.

1099 439 1144 495 'Pu
1160 443 1278 511 peeoata
1292 439 1356 498 dele
1371 456 1449 512 mea,

1064 530 1100 584 m
1113 544 1163 586 eor
1177 529 1323 586 mundum
1338 529 1369 587 in
1384 546 1431 588 me
1445 544 1535 590 orsa:

1064 616 1107 675 Da
1121 632 1204 692 spem
1221 618 1349 688 firmam,
1364 619 1452 678 iidem
1468 623 1579 680 mutam

1099 706 1281 766 charitatem
1295 708 1333 765 da
1348 709 1520 783 perlectam.

1066 795 1173 855 Otesu
1189 797 1227 855 da
1240 797 1330 856 finem
1345 799 1466 857 bonnm.

1066 886 1148 954 Quod
1162 891 1310 961 estsuper
1324 904 1412 946 omne
1427 889 1551 961 donum,

1101 973 1139 1032 Ut
1152 974 1183 1032 in
1195 977 1281 1034 corde
1295 976 1338 1035 sio
1352 993 1546 1053 compungar,

1066 1062 1131 1121 Tibi
1144 1063 1260 1122 christo
1273 1067 1350 1138 quod
1364 1067 1532 1141 coniungor

1066 1153 1122 1210 Fau
1136 1168 1184 1210 me
1197 1153 1285 1227 digne
1300 1155 1489 1216 manduoare.

1103 1241 1215 1314 Corpus
1228 1246 1311 1300 tuum
1327 1244 1456 1303 salmara

1068 1329 1115 1386 lra
1125 1334 1178 1387 tua
1191 1347 1250 1389 non
1264 1347 1312 1389 me
1326 1338 1436 1406 gravet,

1068 1418 1195 1492 Sanguis
1210 1424 1281 1479 tuus
1296 1422 1339 1480 sio
1355 1438 1401 1482 me
1415 1423 1502 1496 lavet,

1105 1508 1138 1566 ln
1152 1509 1290 1568 sensibus
1304 1514 1334 1569 et
1347 1512 1378 1570 in
1393 1515 1480 1572 eorde

1070 1598 1093 1654 Α
1108 1598 1234 1672 pecuniis
1248 1603 1277 1659 et
1291 1618 1309 1659 a
1323 1603 1419 1677 sorde,

1070 1686 1109 1744 Ut
1120 1687 1190 1744 dum
1206 1689 1296 1747 instat
1309 1689 1382 1749 hors
1397 1693 1511 1766 mortis,

1106 1777 1236 1851 Angelus
1250 1783 1322 1839 tuno
1337 1785 1413 1839 aetat
1428 1782 1523 1842 tortis.

1067 1867 1091 1923 a
1105 1869 1134 1923 te
1149 1867 1222 1925 mihi
1238 1869 1324 1927 datus
1339 1875 1453 1941 oustos,

1069 1954 1123 2022 Oui
1139 1972 1186 2014 me
1200 1955 1276 2015 looet
1290 1957 1368 2017 inter
1378 1961 1487 2033 justos.

1104 2048 1181 2103 ttors
1197 2045 1223 2103 si
1237 2061 1355 2106 earnem
1371 2065 1466 2108 meam
1480 2051 1609 2128 frangat,

1069 2138 1146 2192 ttors
1160 2136 1289 2194 secunda
1303 2153 1362 2195 non
1383 2154 1429 2196 me
1442 2145 1555 2215 tangat,

1070 2222 1151 2282 Lioet
1165 2241 1234 2282 earo
1248 2231 1474 2301 oomputrssoat‚

1106 2313 1234 2388 Spiritus
1249 2314 1278 2372 in
1295 2320 1325 2373 te
1337 2318 1481 2392 quiescat,

1071 2402 1110 2461 Ut
1124 2420 1282 2478 resurgens
1297 2409 1325 2463 te
1339 2407 1470 2480 visurus,

1071 2492 1193 2567 Semper
1207 2498 1304 2552 tenum
1320 2496 1377 2554 sim
1393 2514 1564 2558 mansurus.

1072 2584 1100 2653 γ.
1117 2582 1192 2640 Audi
1205 2600 1271 2652 nos,
1286 2584 1335 2659 pia
1350 2592 1443 2646 mater
1455 2588 1576 2648 Christi.

1073 2673 1102 2744 rt.
1119 2671 1193 2731 Nam
1208 2677 1236 2731 te
1250 2673 1341 2731 Filius
1356 2675 1430 2732 nihil
1444 2693 1558 2753 negans
1570 2679 1710 2740 honorat.

1326 2764 1470 2824 ORATIO.

1019 2850 1197 2908 Interveniat
1216 2867 1269 2924 pro
1294 2852 1380 2912 nobie
1395 2871 1577 2931 quesumus,
1592 2858 1718 2918 Domine
1740 2861 1813 2919 lesu

982 2938 1112 3010 Christe,
1140 2940 1217 3012 apud
1250 2945 1333 2998 tuam
1361 2941 1565 3020 elementiam,
1592 2947 1815 3022 gloriosissime

982 3029 1070 3102 Virgo
1084 3030 1175 3088 Maria
1190 3030 1365 3105 dignissima
1380 3041 1475 3094 mater
1488 3043 1550 3110 tua,
1561 3040 1647 3113 eujus
1658 3041 1815 3100 sanctissi-

944 3105 967 3176 G
987 3137 1065 3179 mam
1080 3120 1210 3177 animam
1226 3121 1257 3178 in
1272 3121 1344 3179 hora
1359 3126 1506 3196 pensionis
1521 3132 1550 3185 et
1564 3129 1672 3188 mortis
1686 3136 1745 3188 tuas
1760 3132 1817 3190 do·

988 3209 1058 3267 loris
1072 3208 1191 3283 gladius
1205 3212 1412 3283 pertransivit:
1425 3216 1478 3283 Oui
1494 3217 1567 3276 vivis
1581 3223 1610 3276 et
1624 3236 1734 3294 regnas
1748 3237 1816 3280 enm

987 3299 1046 3358 Deo
1070 3298 1154 3356 Patre
1179 3297 1210 3355 ln
1239 3301 1350 3359 unitute
1373 3303 1503 3378 Spiritus
1530 3308 1625 3366 saneti
1654 3309 1748 3382 Dens,
1764 3315 1819 3370 Per

987 3387 1086 3448 omnia
1099 3386 1208 3447 aeoule
1220 3391 1406 3452 seculorum.
1422 3400 1527 3454 Amen.
