3796 5986
88 231 146 288 ιιι
545 229 1005 296 suau011,nou1urca11n
1025 186 1356 290 snvsurnnounvr.
1748 237 1802 294 322
1847 283 1850 287 .

88 357 180 431 ralis,
194 355 359 430 spiritualis
373 361 403 414 st
420 356 576 429 sternatis,
592 357 634 413 ita
657 355 762 428 triplex
787 357 920 422 estfsom·
936 357 964 423 A
980 353 1101 412 nescitis
1116 355 1194 413 illem
1210 373 1305 430 neque
1318 358 1422 415 boram
1437 360 1550 430 (Mettis.
1566 363 1642 430 xxv).
1660 383 1674 412 ιι
1685 362 1720 420 lit
1738 363 1804 420 iden

89 464 154 504 nus
167 447 245 504 vita.
261 447 389 516 Primus,
406 448 457 520 qui
473 446 607 520 provenit
621 462 656 502 ex
672 448 798 513 natura;
815 461 921 501 secun·
976 449 1077 501 monet
1091 445 1238 519 Propheta
1250 464 1257 504 ι
1269 448 1417 513 «Quarite
1431 450 1584 506 Dominum
1596 453 1666 507 dum
1676 452 1802 509 inveniri

89 537 168 606 dns,
184 537 235 610 qui
250 536 384 611 provenit
398 553 433 592 ex
451 536 563 608 gratia:
587 535 704 603 tertius,
721 534 773 607 qui
798 550 923 591 consur·
978 537 1156 605 potestate.
1174 536 1227 602 (lae
1242 539 1314 605 ιιιι).
1332 557 1344 588 ι
1363 536 1425 595 Non
1440 538 1532 610 igitur
1546 538 1603 595 sibi
1627 539 1803 599 blandiatur

90 626 141 699 git
148 641 185 683 ex
194 625 347 699 gloriabo
360 625 456 699 primo
469 625 611 682 Dominus
621 624 695 680 dixit
704 624 735 680 in
747 622 922 696 Evangelio:
978 626 1113 694 peccator
1127 622 1249 692 trustra,
1263 629 1291 681 et
1305 625 1400 682 dieat:
1417 627 1525 684 Secura
1538 644 1660 701 possum
1673 631 1709 686 ad
1725 635 1801 687 tem-

92 738 112 766 «
131 714 261 773 Dormite
271 715 347 788 jam,
362 720 391 772 et
405 715 581 788 requiescite
595 713 709 787 (Metti.
724 712 833 786 uv11);
848 733 863 764 ι
889 713 925 767 de
979 727 1035 782 pus
1050 727 1179 784 peceare,
1194 712 1265 784 quia
1281 729 1457 788 quacunque
1471 716 1543 773 bora
1562 724 1723 791 convertur,
1739 735 1802 776 om·

92 805 231 863 seeundo
244 809 358 879 Sponsa
369 804 442 862 dioit
456 804 485 861 in
495 804 614 861 (lentico
626 802 924 872 cantieorum:«iigo
978 799 1266 872 uiuminiquitatum
1282 818 1414 859 mearum
1431 821 1488 860 nen
1519 806 1718 864 recordabitur
1746 807 1803 864 Do·

95 894 225 962 dormio,
240 898 270 952 et
283 910 334 951 our
347 892 561 966 meumvigilat
575 895 668 963 (Cant.
683 892 731 962 v);
747 913 761 944 ιι
778 892 815 948 de
837 889 925 947 tertie
980 889 1096 958 minus:
1122 890 1193 961 quia
1226 892 1323 948 neseio
1351 892 1441 961 diem,
1467 909 1561 965 neque
1584 894 1697 952 boram.
1719 898 1802 955 lusto

95 982 282 1058 Prophetain
293 981 419 1055 psalmo:
431 1005 446 1034 «ι
458 983 491 1038 in
502 997 574 1055 paee
586 981 616 1039 in
628 981 759 1055 idipsum
768 979 925 1050 dormiam,
980 994 1108 1051 namque
1119 980 1232 1051 jndicio
1247 980 1298 1037 Dei
1315 981 1358 1048 tlt,
1375 986 1408 1039 ut
1421 980 1490 1054 quia
1505 998 1572 1039 oum
1593 989 1689 1056 potest
1718 987 1802 1044 bomo

98 1076 128 1130 et
142 1072 328 1145 requiescam
344 1072 435 1143 (Psoi.
452 1071 501 1144 ιι).
515 1093 526 1122 ι
979 1068 1118 1133 converti,
1134 1072 1164 1125 et
1178 1085 1236 1125 non
1250 1069 1322 1136 vult,
1339 1085 1406 1126 cum
1422 1070 1483 1126 vuit
1498 1071 1572 1128 torte
1586 1074 1727 1144 converti,
1744 1091 1802 1132 non

134 1161 185 1218 Sic
200 1165 230 1218 et
244 1160 346 1233 triplex
360 1165 406 1217 eet
418 1176 540 1217 somnus
553 1160 670 1230 mortis,
683 1160 754 1233 quia
765 1158 872 1233 triplex
881 1162 927 1215 est
980 1155 1082 1228 possit.
1097 1160 1176 1212 luno
1189 1158 1268 1214 anim
1287 1174 1423 1215 securum
1446 1164 1491 1216 est
1516 1160 1628 1218 homini
1650 1163 1802 1236 paenitere,

97 1264 193 1317 mors,
209 1246 381 1320 corporalis,
398 1246 575 1319 spiritualis,
590 1247 784 1305 etaeternalis.
797 1252 926 1304 Desom·
980 1260 1048 1300 eum
1064 1249 1160 1317 potest
1172 1245 1236 1318 ipse
1250 1262 1378 1318 peceare.

97 1353 138 1394 no
165 1336 272 1394 mortis
297 1335 458 1410 corporalis
480 1335 623 1393 Dominus
644 1336 735 1393 dicit:
762 1357 776 1387 a
800 1336 926 1392 Lazarus
1015 1333 1082 1389 tam
1097 1334 1198 1407 igitur,
1214 1334 1244 1390 id
1260 1336 1350 1392 estin
1366 1339 1501 1409 prasenti
1516 1339 1586 1412 vita,
1601 1341 1647 1397 vel
1663 1342 1759 1416 magis
1774 1342 1803 1401 in

97 1425 216 1483 amicus
226 1425 541 1499 nosterdormit(looo.
556 1427 595 1499 xi)
609 1445 616 1494 ;
630 1447 645 1477 ιι
656 1427 691 1482 ds
701 1424 927 1496 sommomortis
982 1431 1109 1495 tempere
1119 1430 1294 1496 opportuno,
1311 1427 1492 1498 surgendum
1508 1433 1553 1484 est
1569 1429 1653 1485 nobis
1668 1447 1686 1486 a
1700 1447 1804 1488 somno

97 1513 267 1589 spiritualis
282 1513 353 1571 dicit
365 1513 544 1587 Apostolus:
561 1535 575 1568 ι
592 1515 721 1587 Exsurge
736 1514 788 1588 qui
804 1512 926 1581 dormis,
981 1511 1085 1584 culpa,
1098 1511 1237 1585 queniam
1255 1534 1270 1564 ιι
1280 1512 1305 1569 ai
1320 1512 1350 1569 in
1366 1515 1461 1585 prime
1475 1516 1574 1589 vigilia
1588 1519 1712 1590 venerit,
1727 1524 1757 1576 et
1779 1519 1806 1576 si

99 1608 129 1661 et
142 1619 270 1678 exsurge
294 1620 311 1660 a
334 1603 471 1671 mortuis,
487 1609 517 1661 et
540 1603 720 1661 illuminabit
740 1609 769 1660 te
792 1603 927 1659 Christus
982 1600 1122 1668 secunde,
1139 1600 1182 1657 vel
1195 1601 1224 1658 in
1239 1601 1326 1658 tertia
1340 1602 1441 1677 vigilia
1454 1605 1567 1662 venerit
1581 1611 1610 1663 et
1624 1607 1667 1664 sio
1690 1607 1807 1666 invene·

99 1692 211 1766 (Epist.
235 1694 282 1765 v);
310 1714 325 1743 ιι
349 1693 385 1749 de
409 1709 513 1750 somno
535 1693 638 1750 mertis
662 1692 809 1750 aeternalis
831 1690 928 1763 inquit
943 1723 968 1789 B
983 1687 1030 1759 rit,
1046 1687 1123 1745 beati
1138 1694 1208 1746 eunt
1222 1690 1298 1746 servi
1313 1690 1356 1747 illi
1371 1692 1447 1763 (lue.
1462 1695 1537 1766 ιιιι).
1554 1716 1569 1746 ιι
1882 1734 1889 1747 ,

98 1779 278 1838 Psalmiete:
295 1804 309 1833 ιι
325 1781 379 1848 Qui
394 1781 514 1854 dormit,
530 1798 588 1838 nen
604 1781 723 1853 adjiciet
738 1785 771 1839 ut
793 1784 930 1853 resurgat
1019 1779 1178 1851 Surgamus
1194 1779 1397 1852 igiturtratres
1412 1787 1441 1839 et
1456 1783 1508 1839 tilii
1524 1785 1595 1841 dum
1606 1792 1807 1859 opportunum
1875 1786 1878 1790 ’

100 1871 190 1943 (Psoi,
205 1871 262 1943 xa).
278 1891 293 1922 ιι
308 1901 343 1912 -
358 1892 372 1921 ιι
388 1870 469 1928 Abiit
483 1870 563 1927 enim
591 1871 696 1938 tudae,
710 1873 739 1927 et
766 1869 870 1942 laqueo
896 1884 930 1926 se
982 1874 1100 1941 tempus
1117 1871 1147 1924 et
1166 1868 1270 1926 heram
1291 1875 1507 1943 competentem
1529 1873 1684 1945 babemus,
1697 1877 1734 1933 ab
1755 1875 1807 1934 illo

100 1960 260 2034 suspendit
270 1960 375 2033 (satri.
390 1962 479 2033 xxix).
982 1955 1092 2029 triplici
1107 1960 1562 2033 aemno;quoniamquilibatest
1573 1964 1808 2022 mortaliacerts

135 2052 159 2108 Α
174 2065 281 2108 somno
297 2048 400 2107 mortis
414 2048 575 2123 corporalis
591 2053 750 2123 resurgunt
763 2064 886 2118 omnes:
912 2066 930 2105 a
984 2048 1057 2104 nibil
1067 2048 1215 2121 estmagis
1225 2049 1354 2106 amicum
1366 2050 1808 2128 iniquitati,quamnegligentia

98 2139 317 2197 somnnmortis
327 2138 491 2211 spiritualis
502 2144 662 2213 resurgunt
672 2139 791 2212 quidam
802 2156 810 2208 ;
822 2155 839 2195 a
850 2155 930 2195 sem·
983 2143 1103 2212 Propter
1117 2138 1195 2210 quod
1211 2138 1283 2194 dicit
1297 2139 1467 2212 Scriptura:
1485 2163 1500 2193 ιι
1515 2142 1687 2201 Maledictus
1706 2144 1805 2214 bomo,

99 2247 139 2287 no
164 2228 271 2286 mortis
304 2227 450 2285 sternatis
483 2233 644 2303 resurgunt
674 2227 758 2285 nulli.
784 2227 929 2294 Quoniam
984 2226 1035 2299 qui
1048 2243 1123 2299 opus
1135 2227 1186 2283 Del
1202 2227 1383 2301 negligenter
1402 2230 1463 2302 agit
1486 2232 1553 2300 (ter.
1569 2232 1678 2304 xcviii).
1694 2255 1709 2284 »
1730 2233 1808 2298 Quo·

100 2343 115 2371 a
133 2335 240 2377 omnes
254 2317 375 2391 quidem
391 2334 592 2392 resurgemus,
607 2318 659 2375 sed
675 2334 733 2375 non
749 2333 852 2374 omnes
871 2316 929 2372 im·
985 2316 1064 2371 niam
1081 2315 1131 2372 ubl
1147 2315 1283 2373 Salomon
1300 2318 1357 2374 ait:
1377 2341 1387 2368 ι
1405 2323 1507 2375 Manus
1522 2321 1551 2377 in
1569 2337 1659 2377 manu
1675 2339 1733 2378 nen
1753 2323 1825 2378 erit'

101 2408 289 2466 mutabimur
311 2409 335 2480 (l
359 2407 421 2467 Cer.
435 2409 494 2481 xv).
511 2429 526 2458 ιι
549 2407 631 2464 Beati
650 2423 718 2464 vero
743 2407 792 2478 qui
817 2410 930 2479 partem
984 2404 1125 2461 innocens
1140 2406 1232 2477 (Pron.
1248 2405 1304 2477 11);
1326 2411 1446 2464 econtra
1473 2409 1655 2469 consulitur:
1686 2411 1808 2484 Semper

102 2499 133 2555 in
149 2497 367 2555 resurreetione
382 2496 478 2570 prima
493 2496 652 2554 habuerint
676 2497 767 2570 (Apes.
783 2496 843 2568 ιι),
860 2494 931 2567 quia
984 2491 1096 2565 aliquid
1112 2492 1209 2565 operis
1224 2494 1319 2560 tacito,
1337 2501 1369 2552 ut
1380 2495 1515 2553 diabolus
1533 2502 1562 2555 te
1576 2498 1707 2556 inveniat
1721 2516 1811 2557 occu-

102 2589 135 2644 in
149 2588 267 2644 interno
282 2586 365 2643 nulla
379 2590 425 2643 est
439 2586 620 2660 redemptio:
635 2593 663 2642 et
674 2585 820 2642 minime«
832 2601 931 2641 resur·
986 2589 1087 2656 patum
1102 2583 1152 2656 (8).
1166 2582 1238 2639 Cum
1254 2583 1333 2640 enim
1349 2584 1439 2641 David
1459 2586 1620 2658 quievisset
1647 2605 1665 2644 a
1690 2588 1810 2662 preliis,

102 2683 177 2750 gent
191 2676 277 2750 impii
292 2675 460 2749 injudicio,
477 2692 572 2748 neque
586 2680 752 2749 peccatores
777 2678 931 2747 resurgent
986 2695 1000 2724 e
1016 2677 1046 2729 et
1060 2671 1263 2729 deambularet
1277 2672 1307 2728 in
1320 2672 1428 2731 solario
1444 2681 1511 2747 post
1525 2676 1679 2734 meridiem
1694 2677 1767 2736 vidit
1774 2695 1810 2737 ax

103 2767 135 2823 in
150 2764 277 2824 consilio
289 2766 438 2838 justorum
453 2765 540 2838 (Ptol.
557 2768 613 2836 ι).ι
986 2761 1107 2818 adverse
1122 2760 1284 2819 bethsabee
1298 2778 1330 2819 se
1344 2761 1504 2831 lavantem,
1519 2764 1647 2837 tulitque
1674 2765 1767 2837 illam,
1780 2772 1811 2825 et

141 2861 234 2912 Porro
248 2870 372 2912 somnus
392 2855 497 2912 mortis
520 2854 695 2927 spiritualis,
710 2853 807 2911 tribus
835 2852 932 2911 modis
987 2849 1125 2907 dormivit
1140 2866 1207 2906 oum
1222 2850 1273 2908 illa
1288 2852 1328 2923 (11
1342 2853 1407 2925 ileu.
1422 2852 1465 2925 ιι).
1483 2876 1498 2904 ιι
1513 2859 1634 2926 Propter
1646 2872 1734 2927 quarn
1756 2857 1811 2913 bo·

106 2945 270 3018 contingit:
288 2960 341 3018 per
355 2942 577 3018 negligentiam,
588 2943 794 3016 ignorantiam,
809 2946 838 3000 et
861 2958 932 2999 non·
986 2937 1136 2995 micidium
1153 2938 1264 3012 pariter
1277 2945 1307 2997 et
1320 2940 1498 2998 adulterium
1513 2944 1709 3016 perpetravit:
1720 2941 1810 3017 etqui

103 3033 383 3107 cupiscentiam.1le
396 3049 501 3090 somno
517 3031 700 3106 negligentia
715 3032 853 3090 Salomon
869 3032 929 3088 ait:
985 3027 1056 3084 vicit
1069 3027 1099 3083 in
1114 3027 1203 3098 bello,
1218 3027 1313 3086 vietus
1327 3034 1371 3087 est
1385 3032 1504 3088 tandem
1519 3031 1639 3105 inpane.
1652 3034 1809 3107 iirgedum

103 3146 119 3175 a
134 3123 308 3197 Usquaqno,
325 3122 417 3196 piger,
444 3122 579 3179 dormis?
607 3123 725 3196 quando
752 3121 900 3195 exurges?
915 3142 926 3173 ι
945 3089 967 3157 C
985 3120 1102 3189 tempus
1117 3115 1242 3188 bebetis,
1258 3118 1419 3191 operemini
1433 3118 1544 3177 bonnm
1561 3122 1598 3178 ad
1613 3139 1714 3179 ornnes
1735 3123 1808 3195 (Get.

104 3214 197 3283 {Pron
209 3213 260 3284 ιι.)
277 3216 315 3268 De
330 3227 433 3268 somno
448 3209 619 3284 ignorantia
633 3210 705 3267 dicit
718 3210 825 3267 David:
836 3209 934 3266 »llln-
986 3205 1035 3277 vr).
1046 3204 1150 3262 Veniet
1159 3205 1238 3263 enim
1248 3211 1377 3280 tempus,
1388 3209 1506 3281 quando
1517 3209 1589 3289 nihil
1601 3212 1734 3284 poteritis
1742 3228 1809 3286 ope·

107 3300 190 3358 mina
200 3300 301 3357 oculos
311 3317 403 3369 meos,
415 3317 452 3357 ne
461 3316 593 3373 unquam
605 3298 787 3356 obdormiam
799 3299 829 3355 in
841 3302 936 3355 morte
987 3294 1149 3367 rari(Joan.
1164 3295 1215 3369 vr),
1230 3296 1319 3353 Juxta
1334 3298 1412 3369 quod
1431 3296 1547 3356 Veritas
1577 3300 1633 3356 ait:
1665 3324 1680 3352 «
1708 3302 1810 3375 Ligate

106 3391 198 3460 (Paul.
214 3389 277 3463 ιιι).
298 3410 313 3441 ιι
328 3389 409 3447 idem
424 3390 461 3445 de
476 3404 581 3446 somno
597 3387 844 3461 concupiscentia
855 3385 935 3444 Psal·
988 3399 1097 3439 manus
1112 3383 1177 3454 ejus
1192 3389 1221 3440 et
1236 3385 1335 3457 pedes,
1351 3389 1380 3442 et
1395 3386 1529 3458 projicite
1539 3387 1568 3443 in
1583 3389 1722 3447 tenebras
1736 3399 1812 3449 exte·

108 3479 201 3536 mista
214 3482 355 3536 testatur:
367 3477 577 3535 «Dormierunt
585 3493 734 3534 sommum
743 3493 841 3546 suum,
852 3480 882 3533 et
890 3474 937 3531 ni·
988 3473 1080 3528 riores
1094 3472 1200 3544 (uase.
1215 3474 1297 3545 xxii).
1319 3497 1334 3525 ιι

108 3567 152 3624 bil
170 3568 350 3625 invenerunt
364 3583 467 3625 omnes
480 3565 535 3624 viri
550 3565 721 3623 divitiarum
745 3565 775 3623 in
799 3564 937 3622 manibus
1023 3561 1813 3642 Surgiteetiamtratresasomnoignorantie,quoniam

107 3655 175 3715 sais
188 3659 277 3730 (Paul.
291 3657 400 3731 ιιιιιι).
989 3654 1017 3708 et
1027 3651 1091 3722 ipse
1102 3649 1279 3707 immertalis
1293 3651 1399 3708 existit.
1417 3658 1537 3727 Propter
1550 3659 1627 3727 quod
1643 3659 1716 3715 dicit
1734 3660 1812 3716 Seri·

143 3751 183 3805 De
196 3746 253 3803 hoc
268 3745 376 3819 triplici
390 3763 495 3803 somno
510 3745 583 3802 dicit
599 3744 777 3818 Apostolus:
804 3746 877 3801 llere
898 3747 938 3801 est
990 3743 1094 3813 ptura:
1108 3762 1123 3790 α
1139 3739 1238 3796 Noluit
1252 3739 1415 3814 intelligere
1431 3746 1464 3799 ut
1477 3744 1551 3802 bene
1572 3751 1690 3819 ageret3
1701 3747 1813 3821 iniqui·

101 3841 168 3912 ium
181 3851 232 3892 cos
246 3835 512 3906 desomnesurqers.
525 3834 614 3901 Quasi
635 3834 729 3891 dicat:
750 3833 937 3907 surgendum
990 3834 1080 3886 tatem
1097 3829 1257 3886 meditatus
1271 3836 1316 3886 eat
1330 3830 1360 3886 in
1375 3830 1463 3888 cubili
1479 3835 1633 3904 sculpant.
1650 3837 1726 3910 xxv).
1743 3859 1758 3888 »
1777 3838 1815 3894 lit

109 3925 199 3984 nobis
213 3929 258 3981 est
271 3924 308 3982 de
323 3940 425 3981 somno
440 3922 634 3996 negligentia.
649 3922 773 3995 Propter
793 3922 871 3994 quod
887 3920 939 3977 ad·
991 3918 1082 3975 iliud:
1098 3940 1112 3969 «
1130 3918 1189 3991 lpsi
1204 3934 1270 3974 varo
1286 3936 1344 3975 non
1360 3927 1559 3993 cognoverunt
1569 3923 1632 3981 viae
1643 3940 1735 3993 mess,
1746 3925 1814 3998 qui·

107 4017 173 4073 dit:
189 4013 256 4086 qvis
268 4015 537 4086 mopiorestnostrs
551 4012 638 4081 satus,
653 4027 738 4083 quom
764 4027 827 4067 cum
849 4009 940 4066 nedi-
992 4008 1048 4064 bus
1059 4007 1154 4078 juravi
1170 4008 1199 4064 in
1216 4007 1260 4064 ira
1270 4024 1345 4079 mea,
1362 4014 1417 4065 etc.
1434 4013 1520 4078 (Prot.
1537 4014 1622 4084 xciv),
1637 4036 1651 4063 ιι
1666 4035 1728 4064 -«
1742 4020 1815 4070 pm.

105 4105 212 4162 dimas.
227 4103 414 4175 Surgendum
432 4101 517 4159 nobis
530 4104 576 4156 est
590 4101 626 4157 de
637 4116 742 4156 somne
753 4098 939 4172 ignorantia.
993 4100 1091 4168 pterea
1101 4096 1227 4169 populus
1237 4113 1331 4166 meus,
1343 4098 1440 4170 inquit
1450 4100 1600 4171 propbeta,
1614 4102 1749 4174 captivus
1760 4104 1816 4160 du·

106 4198 233 4267 Propter
246 4193 325 4268 qued
337 4191 458 4249 subdit:
471 4191 611 4260 Quiesce
620 4188 771 4262 praecessit,
781 4188 840 4245 dies
851 4191 941 4245 aetem
993 4190 1059 4241 etus
1070 4190 1126 4254 eet,
1142 4186 1213 4258 quia
1240 4204 1298 4244 nen
1314 4186 1417 4242 babuit
1431 4187 1584 4245 seientiam
1598 4191 1656 4262 (lea
1672 4194 1710 4263 ι).
1728 4213 1743 4243 ιι
1762 4193 1815 4249 Et:

109 4280 546 4357 apprepinquavitsurgendum
558 4278 643 4335 nobis
654 4281 699 4335 est
709 4278 745 4334 da
756 4292 861 4334 somne
872 4293 941 4333 eon·
995 4300 1006 4326 ι
1023 4275 1051 4331 si
1060 4277 1430 4349 cognovissent,nunquam
1442 4277 1599 4334 Dominum
1609 4279 1707 4352 glorie
1719 4281 1816 4338 ernei-

108 4365 941 4446 cupiscsntia.Propterquoddicit:ltoniceommssse·
993 4366 1125 4422 fixissent
1146 4364 1244 4436 (icor.
1267 4365 1309 4437 ιι).
1328 4388 1342 4416 ιι
1372 4365 1445 4422 Hinc
1468 4383 1559 4440 error,
1588 4368 1656 4425 binc
1685 4370 1816 4444 heresis,

107 4463 244 4530 tionibus,
259 4471 285 4519 et
299 4459 486 4530 ebrietatibus,
501 4462 558 4515 etc.
573 4457 640 4513 ideo
655 4453 815 4523 concludit,
830 4462 857 4511 et
885 4455 933 4511 in·
948 4460 972 4525 Ι)
989 4455 1057 4511 hinc
1072 4453 1204 4527 pertidia,
1215 4455 1285 4511 hinc
1299 4454 1447 4512 excusatio
1463 4456 1493 4512 in
1510 4459 1647 4529 peccatis.
1657 4459 1712 4516 Sed
1729 4461 1816 4533 igno-

106 4552 239 4625 terponit
249 4552 283 4607 ad
300 4549 411 4607 omnia.
427 4546 599 4619 Abiioiemus
624 4561 690 4616 erpo
700 4560 786 4615 opera
809 4545 937 4601 tenebre·
993 4561 1063 4601 rans
1078 4543 1273 4617 ignorabitur,
1288 4550 1317 4601 et
1331 4545 1482 4619 negligens
1496 4546 1670 4620 negligetur.

108 4658 185 4709 rum,
201 4647 228 4697 et
241 4641 393 4697 induamur
406 4653 487 4693 arma
502 4635 584 4706 lucu,
598 4639 653 4691 etc.
1027 4633 1213 4705 surgendum
1229 4650 1346 4706 queque
1359 4634 1445 4690 nobis
1459 4639 1503 4691 est
1516 4652 1534 4691 a
1548 4652 1652 4693 somno
1671 4637 1813 4711 concupi-

147 4731 220 4786 Horo
234 4736 273 4785 est
286 4729 344 4796 iam
358 4742 407 4784 nes
431 4730 463 4782 cte
489 4739 582 4781 somne
609 4740 734 4796 surgere.
758 4723 814 4779 Sed
839 4721 937 4780 dices:
993 4721 1121 4779 scientiae
1136 4738 1173 4779 ne
1183 4721 1257 4779 torta
1269 4724 1491 4780 obdormiamus
1501 4723 1532 4781 in
1543 4724 1743 4783 voluntatibus
1751 4742 1816 4783 ear·

109 4814 443 4890 Cumsempersithorn
454 4813 593 4887 surgendi
604 4829 734 4869 asomno
745 4812 940 4885 culpa,Juxta
994 4812 1040 4868 nis
1055 4815 1084 4868 et
1098 4810 1242 4868 illecebris
1259 4812 1378 4881 mundi:
1395 4813 1464 4884 quia
1483 4831 1568 4870 anon
1579 4813 1749 4871 dormitabit
1767 4829 1817 4870 ne·

110 4907 193 4982 quod
208 4905 306 4980 inquit
315 4904 475 4979 propbeta:
486 4925 501 4956 ι(
509 4905 690 4976 Quacunque
698 4901 771 4958 bora
780 4916 939 4958 conversus
994 4916 1051 4973 que
1065 4899 1203 4966 dormiet,
1219 4900 1269 4972 qui
1281 4901 1411 4957 custodit
1422 4901 1512 4958 lsrael
1526 4902 1612 4974 (Psoi.
1624 4903 1697 4976 cxx).
1711 4925 1726 4952 »
1741 4904 1817 4969 Qua·

111 4996 202 5054 iuemt
212 4999 356 5070 peccator,
366 4992 661 5062 steatera30mnium
672 4989 862 5063 iniquitatum
874 4990 940 5061 eius
994 4989 1019 5046 si
1034 4988 1154 5063 quidam
1170 5005 1292 5046 somnus
1306 4994 1351 5045 est
1363 4990 1422 5046 vita
1432 4989 1620 5058 carnalis,vel
1635 4989 1818 5047 conversatio

112 5103 173 5144 nen
203 5085 388 5153 recordabor,
418 5083 490 5140 dicit
513 5080 656 5139 Dominus
683 5081 790 5149 (Esset.
815 5079 938 5151 ιιιιι),ιι
995 5077 1160 5147 secularis3
1178 5077 1248 5149 quia
1263 5078 1338 5135 sicut
1352 5077 1400 5135 ille
1416 5080 1466 5150 qui
1495 5078 1623 5135 somniat
1651 5096 1681 5135 se
1709 5078 1818 5135 babere

114 5175 187 5248 quid
200 5175 308 5232 estbuc
323 5174 401 5246 quod
412 5170 668 5244 uisitspoatolns:
684 5170 758 5225 tiore
774 5173 813 5225 est
822 5169 883 5240 jem
893 5182 942 5224 no:
995 5165 1242 5238 multosdivitias‚
1256 5183 1322 5223 eum
1334 5167 1464 5240 evigilat,
1476 5167 1621 5237 tristatur,
1635 5182 1686 5238 pro
1697 5167 1817 5240 eoquod

113 5266 152 5322 de
166 5278 395 5335 senrnosureers,
411 5266 554 5332 unquam
570 5276 629 5316 neu
654 5273 772 5332 semper
795 5253 942 5313 sitborai
996 5254 1069 5312 nibil
1085 5255 1196 5311 invenit
1212 5272 1243 5312 se
1259 5256 1366 5313 babere
1379 5275 1386 5326 ;
1401 5255 1443 5312 sic
1457 5254 1506 5311 ille
1519 5254 1568 5326 qui
1578 5254 1658 5313 dives
1669 5256 1752 5313 estin
1764 5255 1819 5312 boc

115 5355 283 5411 Teneamus
297 5368 366 5426 ergo
381 5350 458 5423 quod
471 5348 586 5406 Veritas
601 5347 658 5405 ait:
674 5344 859 5421 «vigilitate,
871 5343 942 5417 quia
997 5345 1118 5412 mundo,
1134 5361 1201 5402 cum
1217 5344 1369 5402 transierit
1383 5345 1419 5401 de
1429 5343 1491 5415 illo,
1507 5343 1628 5414 dolebit,
1650 5345 1721 5418 quin
1743 5343 1817 5401 nibil

997 5449 1096 5491 secum
1112 5432 1148 5491 da
1163 5433 1214 5491 illo
1229 5433 1367 5507 portabit.
1377 5456 1392 5485 «
1403 5433 1594 5492 Nudusenim
1605 5449 1817 5508 egressnssum

151 5569 193 5643 (8)
203 5567 410 5641 Hieronymus.
