3796 5986
100 243 158 301 40⁹
215 290 227 307 .
608 248 1299 320 senuoxxn,1rvesomverovenomm.
1751 243 1806 307 eto

98 370 236 428 tereista
249 371 366 430 duobus
381 374 478 431 modis
492 375 571 433 valet
585 376 723 450 intelligi,
742 375 814 450 quio
828 379 924 449 potest
938 376 966 444 Α
979 373 1102 444 laedant;
1119 374 1171 431 sed
1186 373 1283 446 potius
1295 371 1421 445 diligant
1436 371 1572 430 inimicos
1586 388 1668 442 suos,
1683 371 1805 430 beneia-

98 459 261 532 doplioiter
273 464 414 519 construi.
432 464 537 534 Primo,
554 471 586 521 ut
601 467 656 522 sub
673 483 732 523 uno
746 483 831 523 verso
847 465 926 523 dioe-
981 464 1061 520 ciant
1075 463 1122 521 his
1136 464 1185 536 qui
1199 463 1328 520 oderunt
1342 478 1412 533 eos3
1428 467 1456 520 et
1468 466 1552 519 orent
1563 478 1614 535 pro
1629 477 1805 535 persequen-

96 552 152 604 tur
167 566 175 605 :
191 549 325 621 Cognosce
347 568 433 624 meos,
457 557 483 610 ct
510 565 675 627 coacescant
696 572 739 612 me
762 571 843 627 orere,
856 558 928 613 sicet
981 552 1062 610 tibus
1076 558 1106 610 et
1120 551 1374 610 calumniantibus
1389 568 1431 623 eo,
1447 550 1528 608 illius
1542 550 1674 623 exemplo
1688 551 1741 625 qui
1756 568 1803 610 so·

98 636 178 694 novit
192 654 237 695 me
256 644 349 711 Peter,
373 649 400 698 et
421 658 470 715 ego
494 659 608 715 uprroaco
633 646 755 701 Patrem.
781 645 818 702 Ut
832 646 873 701 ita
887 645 927 701 si·
980 641 1039 699 lem
1054 659 1143 700 suum
1159 643 1227 699 iecit
1241 640 1311 700 oriri
1327 658 1416 715 super
1428 642 1521 699 bonos
1536 645 1565 698 ot
1579 641 1715 711 malos,et
1730 640 1805 714 pluit

97 726 240 785 mititudo
252 730 647 802 cognitionisnoteturinter
658 741 790 808 pastores
805 740 834 792 et
848 751 926 803 oves,
981 747 1071 805 super
1080 733 1179 804 justos
1194 738 1224 788 et
1242 730 1369 802 injustos
1385 731 1489 802 illottlr.
1505 731 1543 804 v),
1569 734 1602 787 ut
1624 731 1685 788 sint
1705 729 1803 802 utiles,

99 832 169 888 quae
184 817 260 874 iuter
273 819 388 876 Patrem
411 825 441 877 et
454 821 572 879 Filium.
589 823 654 880 lieo
676 829 775 881 autem
798 824 926 897 cognitio
981 828 1126 895 quatenus
1142 821 1311 895 pastoribus
1326 820 1388 878 auis
1404 821 1526 877 reddent
1538 818 1582 876 leo
1597 824 1626 876 et
1639 819 1804 890 lenam,vel

99 910 147 963 eet
162 906 291 976 dilectio,
309 908 387 965 sicot
401 910 530 969 loannes
546 913 726 986 evangelista
740 915 928 985 testatur,in·
981 912 1084 968 limum
1096 915 1126 967 ει
1136 910 1271 980 letum,id
1286 915 1331 966 εει
1342 909 1488 981 primitias
1503 913 1532 966 et
1544 908 1674 967 decimes
1687 910 1805 968 etcblo·
1892 940 1895 945 ·

99 997 209 1068 quiens
224 1012 232 1052 ε
250 1018 263 1050 ι
281 997 335 1063 Oui
355 997 426 1055 dicit
445 1017 475 1057 εε
498 1018 585 1058 εοεεε
608 1008 712 1072 Deum,
737 1008 766 1060 ει
787 1005 927 1060 mandata
980 1000 1085 1057 tiones.
1100 1023 1114 1051 «
1131 1000 1244 1074 Dignos
1259 1003 1304 1055 εει
1322 999 1401 1055 enim
1423 997 1575 1070 operarius
1600 999 1734 1057 mercede
1749 1016 1804 1057 aue

99 1085 167 1156 ejus
182 1101 241 1141 non
262 1087 401 1158 custodit,
426 1091 554 1146 mendox
568 1096 612 1148 est
625 1094 649 1164 (1
669 1095 749 1150 toan.
772 1097 814 1161 ιι).
843 1115 854 1142 ι
872 1093 925 1149 Vs·
980 1092 1004 1162 (l
1018 1092 1085 1147 lim.
1101 1090 1139 1164 v).
1158 1112 1172 1140 v
1188 1091 1310 1161 Propter
1324 1089 1402 1162 quod
1420 1088 1537 1145 dicebat
1551 1087 1728 1162 Apostolus:
1745 1087 1802 1149 «si

98 1172 174 1230 ritas
188 1190 259 1248 ergo
271 1176 365 1233 dicit:
383 1179 463 1244 «Qui
474 1178 571 1253 diligit
584 1196 811 1247 me,sermonom
827 1198 925 1238 meum
979 1180 1193 1237 seminavimus
1204 1179 1289 1236 vobis
1303 1176 1479 1251 spiritualia,
1496 1194 1554 1234 non
1569 1181 1612 1234 est
1626 1194 1766 1252 magnum
1777 1178 1803 1235 si

99 1262 335 1338 servabit(tcon.
350 1283 408 1324 xiv.
432 1287 446 1320 a
472 1269 524 1325 bist
548 1286 617 1343 ergo
641 1287 758 1329 sensus.
783 1272 864 1328 Siout
880 1271 925 1328 di·
980 1269 1109 1326 cornelia
1124 1273 1221 1325 vestra
1236 1272 1384 1324 metamus
1400 1267 1424 1338 (l
1438 1266 1499 1323 Cor.
1515 1269 1565 1338 nr).
1583 1288 1597 1317 ε

97 1350 167 1425 ligit
182 1369 229 1410 me
244 1357 337 1424 Pater,
353 1361 383 1412 et
396 1373 450 1430 ego
464 1356 699 1431 diligoPulrem;
716 1362 757 1417 ita
772 1378 825 1433 ego
835 1360 926 1435 diligo
1014 1359 1154 1431 Sequitur
1170 1376 1176 1414 :
1192 1359 1224 1414 lit
1239 1356 1311 1414 ulios
1330 1373 1391 1413 oves
1415 1356 1500 1412 troico
1523 1371 1586 1428 quse
1608 1370 1664 1411 nco
1687 1364 1753 1413 sant
1765 1373 1803 1415 eo

98 1456 169 1499 oves
184 1459 279 1512 meos,
294 1450 323 1501 et
336 1445 407 1518 ipen
422 1462 469 1504 me
484 1447 622 1522 diligunt.
648 1450 737 1521 cnjus
761 1450 926 1507 dilectionis
979 1449 1029 1505 boc
1042 1447 1120 1516 ovili,
1136 1457 1162 1505 et
1174 1447 1238 1504 illua
1252 1450 1356 1519 oportet
1371 1461 1415 1502 me
1437 1444 1592 1508 adducere:
1606 1450 1634 1501 et
1649 1444 1695 1516 fiet
1715 1462 1804 1505 unum

97 1534 145 1587 est
158 1531 279 1590 evidens
294 1540 512 1608 argumentum,
531 1539 599 1608 quio
614 1540 738 1594 ocimum
754 1554 843 1595 mecm
855 1556 926 1612 pono
979 1538 1050 1595 ovito
1064 1541 1090 1595 ct
1104 1554 1176 1593 arus
1189 1543 1293 1610 postor.
1312 1536 1440 1592 ilabebat
1453 1550 1522 1607 ergo
1536 1532 1680 1591 Dominus
1694 1540 1804 1606 oves,et

94 1635 149 1693 pro
163 1622 260 1678 coibas
274 1625 353 1680 meis.
370 1647 384 1674 κ
401 1623 538 1696 Majorem
557 1626 634 1683 onim
650 1627 823 1685 charitatem
839 1645 925 1685 nemo
975 1627 1154 1700 iustificatos
1165 1643 1216 1699 per
1228 1626 1398 1698 gratiam,et
1409 1622 1632 1696 predestinatos
1647 1623 1684 1679 od
1699 1622 1801 1681 vitem.

96 1708 294 1782 babet,quam
308 1715 341 1768 ut
355 1712 485 1770 unimam
502 1731 587 1772 suam
600 1721 689 1790 ponat
704 1717 773 1790 quis
787 1735 840 1791 pro
855 1718 926 1790 arni·
941 1745 965 1810 Β
982 1717 1019 1772 De
1036 1715 1206 1787 justillcstls
1229 1713 1408 1785 promiserat
1424 1728 1431 1768 :
1447 1715 1584 1784 cognosco
1605 1728 1688 1780 meos,
1712 1717 1742 1769 et
1755 1727 1802 1791 cog

98 1798 399 1873 oiesnistlcou.xv).
428 1824 443 1853 n
465 1804 711 1877 Itemque:0oee
738 1821 810 1864 mem
836 1823 927 1864 ccccm
979 1813 1114 1874 orreorum
1141 1820 1186 1860 me
1214 1818 1278 1860 moe.
1304 1802 1345 1858 De
1373 1800 1589 1875 predestinatis
1623 1799 1803 1873 subjungit:

98 1904 196 1944 meam
218 1890 346 1946 eradicet.
363 1891 437 1956 Quia
465 1915 480 1943 «
509 1891 647 1966 populus,
674 1911 761 1968 quem
792 1913 849 1953 non
878 1913 926 1952 cn·
979 1895 1057 1951 Atiae
1071 1910 1131 1951 coes
1146 1893 1241 1960 babeo,
1259 1908 1319 1964 quoe
1334 1907 1391 1948 noa
1405 1899 1470 1948 sunt
1490 1906 1527 1947 eo
1539 1891 1591 1947 lico
1605 1890 1682 1948 criti.
1698 1888 1802 1947 Primo

99 1977 200 2050 gnovi,
231 1979 349 2036 servivit
374 1979 458 2048 mibi,
488 1980 518 2038 in
543 1983 643 2038 auditu
677 1984 758 2040 suris
787 1984 928 2041 obediunt
979 1979 1802 2056 ergoJ'emcollectuserantexpopulodudaeorum3sc·

98 2065 174 2122 mibi
190 2067 276 2137 (Psoi.
292 2069 374 2142 xvrr).
392 2092 403 2119 ι
421 2069 472 2126 Vel
488 2071 612 2144 intelligi
630 2077 737 2145 potest,
753 2078 785 2130 ot
797 2074 853 2131 sub
869 2073 927 2130 alia
978 2074 1081 2130 cundo
1097 2072 1193 2129 adhuc
1208 2074 1293 2128 orant
1308 2069 1477 2144 colligendo
1490 2070 1525 2127 de
1536 2068 1643 2143 populo
1656 2067 1800 2151 gentium.

95 2152 235 2213 clausula
249 2157 408 2214 dividatur.
424 2159 542 2216 Dixerat
562 2160 640 2218 enim
666 2170 732 2219 ante
759 2181 765 2220 :
792 2163 926 2234 Cognosce
979 2162 1113 2234 Utraeqoe
1127 2167 1225 2217 temen
1241 2160 1560 2234 congregendaeerant,
1575 2162 1608 2215 ut
1622 2161 1801 2216 essetecum

94 2261 186 2315 meae,
201 2255 228 2303 et
241 2257 404 2320 recrescunt
418 2265 461 2304 me
476 2264 565 2318 ειεεες
582 2255 768 2308 nuncoutem
785 2254 924 2325 ostendit,
977 2254 1059 2321 ocite,
1074 2255 1101 2308 et
1114 2267 1189 2308 unus
1202 2258 1307 2324 postor,
1325 2251 1354 2307 id
1370 2254 1416 2306 est
1432 2267 1490 2307 una
1506 2249 1644 2318 Declesio,
1669 2252 1699 2306 ει
1722 2264 1800 2305 unus

94 2348 155 2407 qno
171 2341 301 2404 anctore,
320 2353 414 2410 quove
439 2338 497 2394 fine
520 2337 586 2394 illas
610 2340 768 2413 cognoscit.
785 2342 847 2407 Qun
873 2358 925 2397 au·
977 2341 1130 2399 Dominus.
1147 2364 1161 2392 «
1177 2344 1243 2414 lpse
1268 2339 1348 2396 onim
1372 2344 1417 2396 εει
1442 2356 1498 2412 pox
1522 2343 1633 2408 nostra,
1658 2337 1709 2410 qui
1732 2336 1801 2395 lecit

94 2428 189 2493 olore,
206 2424 277 2497 quia
291 2427 363 2483 sicet
375 2429 450 2483 novit
464 2444 507 2484 me
522 2433 617 2496 Pater,
632 2434 658 2486 et
672 2445 719 2502 epo
738 2446 855 2503 agnosco
869 2432 924 2488 Po·
978 2435 1102 2503 utreque
1117 2446 1222 2498 unum,
1239 2433 1272 2486 ut
1286 2427 1344 2485 duo
1361 2429 1485 2502 parietes
1499 2427 1637 2484 ediverso
1650 2425 1799 2485 venientes

94 2519 180 2569 bem.
194 2513 257 2578 Quo
274 2513 340 2586 line,
357 2513 425 2587 quia
439 2518 567 2572 ocimum
590 2534 684 2575 mecm
699 2534 769 2591 porro
792 2535 844 2591 pro
862 2520 924 2576 coi·
976 2520 1006 2577 in
1029 2537 1088 2576 ono
1107 2516 1243 2592 angulari
1267 2517 1365 2591 lapide
1386 2516 1575 2574 convenirent
1598 2516 1708 2589 (lipltee.
1723 2515 1766 2588 ιι).
1783 2536 1799 2566 o

95 2600 146 2658 bus
160 2602 241 2658 meis.
258 2609 299 2660 Δε
314 2605 339 2660 si
354 2604 617 2679 dixissetapertius
636 2624 642 2662 :
658 2607 740 2672 Quod
755 2608 818 2664 vult
830 2613 924 2676 Peter,
975 2610 1161 2681 Quocunque
1185 2608 1247 2664 ovis
1266 2610 1347 2664 extra
1371 2607 1425 2663 boo
1448 2605 1597 2663 invenitur
1609 2604 1695 2676 ovile,
1711 2602 1798 2678 lupo·

95 2693 125 2746 et
139 2705 196 2764 ego
212 2690 287 2748 volo.
303 2690 482 2763 Undejuxte
496 2692 713 2766 beneplacitum
739 2693 834 2752 Petris
856 2698 923 2753 arri·
977 2716 1040 2756 rum
1057 2699 1206 2755 morsibus
1220 2701 1316 2771 polet,
1334 2695 1473 2770 quoniam
1489 2698 1518 2752 et
1540 2710 1641 2753 omnes
1665 2693 1717 2767 qui
1737 2709 1797 2753 non

94 2795 173 2835 oram
187 2795 278 2836 meum
291 2795 364 2854 ponc
376 2797 426 2854 pro
439 2782 534 2839 ovibus
549 2785 626 2840 meis.
975 2790 1094 2845 inerunt
1107 2787 1138 2844 in
1154 2803 1221 2843 erce
1236 2786 1266 2842 in
1277 2785 1384 2842 diluvio
1400 2786 1549 2859 perierunt
1562 2783 1640 2857 (Gerr.
1655 2783 1797 2856 vr).Porro

129 2874 292 2927 ostensum
308 2875 353 2927 εει
368 2871 464 2944 qualis
480 2873 566 2929 debet
580 2890 644 2929 esse
658 2876 924 2945 pastor,ostendcn·
974 2879 1107 2951 quedam
1121 2893 1189 2933 oves
1205 2881 1275 2933 sunt
1291 2876 1386 2947 lente,
1401 2877 1535 2948 quiedam
1552 2877 1623 2931 suni
1648 2873 1799 2944 morbido,
1840 2921 1843 2925 .

94 2957 294 3032 dumestorgo
306 2960 922 3038 qualesdebeantesseovesTriepraecipuo
974 2973 1003 3025 et
1018 2967 1154 3041 quodem
1168 2982 1258 3038 vago.
1274 2969 1372 3022 Bonus
1388 2963 1486 3039 iteque
1500 2968 1602 3036 postor
1621 2964 1708 3020 debet
1722 2978 1800 3034 pun·

95 3047 345 3105 commendentur
358 3049 387 3105 in
404 3066 465 3121 ovo,
482 3053 691 3122 mansuetudo,
711 3051 878 3109 innocentia
892 3058 921 3110 ει
975 3073 1043 3131 gere
1055 3056 1159 3125 lentas,
1172 3059 1337 3112 sustentare
1348 3054 1497 3111 morbidas
1511 3059 1540 3109 ot
1555 3051 1690 3126 colligere
1701 3066 1798 3121 vagas.

96 3135 223 3194 utilitas.
239 3136 383 3210 Scriptum
406 3142 450 3195 est
469 3140 546 3196 enim
563 3156 570 3196 ε
587 3163 601 3191 «
626 3141 779 3213 Tanquam
806 3142 868 3200 ovis
882 3143 919 3199 ad
935 3110 958 3178 G
977 3145 1044 3211 Ouo
1060 3145 1117 3201 tria
1131 3145 1205 3202 bone
1216 3143 1422 3217 significantur
1433 3144 1462 3200 in
1478 3140 1583 3199 baculo
1598 3138 1801 3215 pastorali‚qui

94 3224 275 3283 occisionem
291 3226 397 3283 ductus
413 3231 469 3298 est,
485 3234 513 3284 et
527 3229 605 3285 sicut
623 3246 718 3303 agnus
739 3246 838 3287 ocrem
854 3236 923 3288 ton·
976 3240 1021 3293 est
1035 3234 1064 3291 in
1079 3235 1182 3291 ultimo
1199 3238 1314 3300 acutus,
1338 3234 1366 3290 in
1384 3233 1480 3290 medio
1502 3236 1610 3300 rectus,
1636 3229 1665 3287 in
1683 3245 1800 3286 summo

93 3315 181 3373 dente
195 3331 238 3386 se,
255 3316 297 3373 aio
312 3332 371 3372 non
386 3316 503 3389 aperuit
516 3334 549 3374 os
564 3335 650 3375 suum
666 3320 731 3391 (leo.
749 3322 820 3392 mn).
839 3343 852 3370 ν
868 3322 922 3377 Το·
976 3329 1116 3382 retortus.
1133 3325 1290 3393 Acutusmt
1302 3326 1414 3396 punget
1428 3337 1495 3378 ores
1510 3321 1605 3378 lentas
1620 3323 1648 3376 et
1662 3320 1799 3394 pinguem

92 3409 155 3462 tum
170 3408 219 3462 est
234 3404 306 3462 utile
317 3407 393 3478 quod
409 3407 467 3462 exit
479 3407 515 3464 ab
531 3423 592 3479 ove,
619 3408 664 3464 lao
690 3414 718 3465 et
733 3407 811 3478 lane,
836 3409 922 3482 pellis
976 3417 1121 3484 rectue,ut
1134 3417 1281 3470 sustentet
1296 3428 1364 3468 oves
1380 3411 1530 3468 morbidos
1545 3414 1574 3467 ει
1587 3409 1723 3465 infirmas
1734 3424 1741 3478 ;
1754 3422 1799 3465 re·

92 3502 119 3552 et
134 3495 297 3565 caro,ietus
311 3500 341 3551 et
355 3495 507 3569 fimus,qui
518 3501 627 3554 terram
643 3497 829 3571 impinguat:
846 3499 920 3556 tales
975 3506 1080 3570 tortus,
1098 3505 1130 3558 ut
1145 3500 1295 3574 recolligat
1310 3516 1376 3557 ovea
1388 3516 1479 3573 vegas
1493 3503 1523 3556 ει
1532 3495 1801 3556 errabundas.0vee

93 3584 281 3641 debentesse
296 3584 408 3654 fideles,
425 3590 456 3641 ut
471 3586 532 3642 sint
555 3587 712 3657 mansueti,
738 3604 773 3643 ne
796 3589 920 3646 reddant
975 3609 1044 3649 suns
1067 3591 1230 3665 pascendos
1252 3590 1394 3647 Dominus
1418 3591 1502 3646 Petro
1535 3587 1685 3645 commisit
1707 3587 1799 3660 (lecu.

93 3672 208 3730 malum
231 3690 284 3746 pro
306 3673 392 3743 malo,
418 3692 512 3748 neque
537 3675 726 3733 maledictum
751 3694 803 3749 pro
830 3677 917 3735 male·
973 3685 1044 3752 xxv),
1059 3679 1199 3739 vocabulo
1215 3680 1298 3737 tertio
1314 3680 1447 3753 repetito,
1470 3673 1557 3752 quem
1579 3681 1726 3752 pastorem
1743 3674 1800 3734 sibi

92 3763 183 3832 dicto,
199 3763 265 3834 ejus
279 3762 412 3836 exemplo
427 3766 450 3834 (l
465 3767 522 3822 Pet.
538 3766 580 3838 nr)
601 3790 607 3822 ι
623 3789 637 3817 u
661 3767 715 3834 Qui
737 3783 804 3823 cnm
828 3767 915 3825 male·
974 3769 1169 3839 substituit,et
1182 3768 1219 3825 ob
1235 3768 1289 3824 boo
1300 3767 1442 3822 hodierna
1454 3766 1542 3824 statio
1556 3765 1584 3821 in
1601 3762 1800 3838 ejusbesilica

92 3852 239 3910 diceretur
266 3870 324 3909 non
353 3853 557 3923 maledicebat,
587 3872 654 3912 cum
682 3860 830 3928 poteretur
857 3874 915 3914 non
974 3857 1201 3925 celebratur,ad
1219 3853 1648 3929 laudemetgloriarneummi
1671 3851 1799 3925 postoris

93 3942 334 3999 comminabatur
349 3944 371 4016 (l
384 3945 444 4000 Pet.
469 3945 512 4016 11).
542 3966 556 3995 v
580 3943 616 4000 Ut
643 3944 705 4001 sint
733 3946 914 4019 innocentes,
974 3946 1191 4004 Ecclesiaeiesu
1208 3945 1324 4014 Christi,
1351 3945 1462 4017 quiesi
1488 3941 1697 4016 superomnia
1719 3942 1797 3998 Deus

91 4048 126 4089 ne
140 4048 322 4106 quemquam
337 4032 496 4105 oliendant,
514 4033 588 4090 nulli
604 4039 739 4106 noceant,
765 4035 914 4093 neminem
972 4037 1146 4094 benedictos
1162 4035 1190 4092 in
1207 4034 1314 4093 secula
1328 4033 1513 4091 seculorum.
1530 4037 1636 4088 Amen.

814 4350 948 4419 selide
971 4351 1072 4420 XXll.

375 4491 413 4549 ΙΝ
432 4489 684 4548 SDLDMNll'ATD
703 4489 936 4550 ASGDNSIONIS
954 4491 1085 4551 DOMINI
1104 4491 1231 4550 Nosrbl
1249 4492 1264 4548 J
1270 4495 1333 4549 DSU
1352 4491 1506 4548 CHRISTI.

91 4620 128 4676 Dc
140 4621 231 4677 triduo
244 4619 473 4687 solemnitatibus,
487 4617 594 4675 seilicet
608 4618 731 4686 Pacete,
747 4618 922 4692 scenopegia}
932 4622 958 4677 ct
968 4623 1147 4688 Pentecostes,
1163 4624 1189 4677 ει
1202 4620 1337 4693 qooruodo
1350 4620 1498 4678 debeamus
1508 4634 1555 4678 eos
1568 4621 1709 4679 celebrare
1717 4639 1728 4691 ,·
1742 4619 1795 4679 de·
1886 4680 1889 4685 ,

680 4699 769 4756 tribes
781 4699 926 4758 ordinibus
940 4717 986 4758 eos
999 4701 1206 4757 celebrantium.

121 5043 275 5103 decendens
285 5041 413 5099 dinetus
428 5045 459 5099 in
472 5044 571 5111 ettam,
585 5046 724 5116 captivom
737 5043 819 5101 deecit
828 5044 915 5118 capti·
930 5046 952 5112 [t
967 5046 1018 5102 sed
1048 5046 1076 5102 in
1106 5043 1212 5117 spiritu
1223 5044 1422 5103 celebremus.
1437 5045 1592 5116 Pasobe,in
1608 5043 1795 5104 resurrectio·

87 5135 215 5205 citatem,
230 5133 309 5190 dedit
325 5131 397 5188 dono
412 5131 568 5189 bominibus
584 5135 691 5205 (lipia.
707 5134 757 5206 vv).
969 5152 1025 5203 ne,
1050 5134 1244 5208 Scenopegio,
1268 5134 1296 5191 in
1327 5136 1499 5192 escensione
1514 5151 1521 5191 ε
1537 5137 1741 5205 Pentecosten,
1762 5133 1793 5193 in

122 5225 197 5280 'l'res
211 5222 281 5280 olim
296 5221 500 5278 solemnitates
514 5239 572 5279 non
588 5222 667 5291 solo,
684 5223 734 5280 sed
760 5222 912 5297 precipue
969 5224 1108 5282 Paracleti
1125 5224 1275 5282 missione.
1301 5223 1423 5282 ditrictae
1452 5224 1531 5282 enim
1558 5223 1793 5297 nprtmmtuctt

87 5312 315 5371 celebrabantur
327 5311 357 5368 in
372 5310 446 5383 lege,
457 5311 592 5367 videlicet
606 5311 729 5384 Pascha,
743 5312 912 5370 Pentecoste
966 5316 1170 5384 captiuitatem,
1187 5314 1304 5385 quando
1314 5329 1471 5386 resurgens
1485 5312 1707 5373 edoxitvinctoe
1720 5331 1794 5375 suos

87 5408 116 5459 et
128 5401 322 5474 Scenopegia,
334 5401 363 5457 id
378 5405 422 5457 est
432 5400 604 5457 solemnitas
620 5403 912 5475 azymorumsolem·
968 5404 1004 5460 do
1020 5403 1085 5460 lacu
1112 5404 1196 5461 Zoni.
1213 5404 1265 5475 rx),
1280 5404 1309 5458 in
1326 5420 1384 5475 quo
1399 5419 1457 5459 non
1476 5406 1540 5459 erat
1553 5420 1638 5476 equa.
1655 5404 1794 5463 Ascendit

86 5493 167 5551 nitas
189 5490 438 5548 hebdomadarum
462 5494 490 5547 ει
511 5490 685 5562 eplemnitos
707 5492 912 5550 tabernaculo·
970 5493 1000 5550 iu
1016 5493 1109 5550 altum
1123 5494 1209 5567 (Prot.
1225 5493 1322 5564 nxvn).
1338 5509 1405 5549 cum
1417 5490 1562 5552 exaltatus
1576 5497 1621 5551 est
1635 5511 1723 5568 snper
1737 5510 1792 5552 coe·

86 5596 169 5643 ram.
183 5579 262 5647 Duas
276 5582 307 5638 ει
320 5594 374 5639 nos
395 5578 426 5637 in
447 5578 616 5654 Evangelio,
640 5597 698 5639 non
719 5581 756 5638 ad
781 5580 912 5643 litteram
969 5583 1015 5642 loe
1029 5583 1169 5642 caelorum
1192 5583 1230 5641 ad
1252 5581 1405 5642 orientem.
1428 5582 1510 5642 Dedit
1532 5582 1605 5664 deso
1624 5583 1793 5658 minitas,
