3796 5986
125 278 182 340 ess
616 275 826 332 rureocamu
846 275 885 331 ιιι
903 272 1006 328 rara
1023 271 1213 328 ornscnns
1232 270 1356 326 nossa.
1801 254 1857 321 ser¹

128 404 419 479 componituripsum
431 418 552 476 eorpus,
564 404 594 457 et
602 398 776 466 ternarium,
786 397 855 468 quid
867 396 958 453 reler·
972 399 999 466 Α
1048 396 1158 460 Sensus
1173 395 1272 465 itaque
1287 392 1365 448 tituli
1378 390 1445 448 telis
1461 394 1523 448 est:
1538 387 1696 447 Psalmus
1712 386 1769 444 iste
1785 388 1838 445 diri·

129 500 178 554 tur
190 493 381 567 adspiritum,
393 498 578 568 proptertres
590 489 700 562 pertesi
706 490 799 562 psius,
822 487 959 543 videlicet
1013 501 1084 559 gens
1095 500 1148 540 nos
1160 483 1189 539 in
1202 483 1301 549 finem,
1314 482 1342 537 id
1357 487 1402 537 est
1411 480 1578 546 Christum,
1591 479 1648 551 qrri
1663 483 1715 533 est
1730 476 1835 535 fidelius

130 582 346 649 rationabilem,
366 581 544 639 irascibilem
569 584 598 635 et
626 576 898 650 concupiscibilem,
929 576 959 631 iu
1013 573 1240 640 consummatio,
1255 572 1284 628 in
1300 569 1568 644 praeseutiquidem
1581 567 1705 624 soeculo
1723 567 1835 637 adieeti-
1864 556 1869 627 '2

131 668 754 747 quibosspiritusipsesubsistit:cumet
780 667 809 722 in
839 681 960 738 corpere
1013 659 1468 731 tiam,etin1uturesesculead
1489 672 1651 724 corenam,
1683 656 1836 713 attribuitur
1865 702 1869 747 Ι

131 762 262 820 hominis
277 758 693 836 quatuorsintbumores,qui
705 756 959 827 secundumque·
1015 752 1115 819 David,
1133 751 1162 807 id
1174 756 1219 806 est
1233 750 1346 806 homini
1364 748 1514 820 poenitenti
1530 749 1569 803 de
1585 745 1657 802 suis
1676 746 1836 818 peccatis.ie
1865 750 1868 817 Ι

132 855 200 909 tuor
215 851 283 909 anni
299 856 434 923 tempora
449 849 658 921 disponuntur,
675 851 703 902 et
719 846 747 900 in
770 844 875 917 spiritu
900 847 959 898 tres
1014 843 1101 913 cujus
1117 857 1242 913 persona
1258 839 1342 895 David
1361 838 1492 910 loquitur
1506 837 1535 892 in
1553 836 1613 893 hoe
1627 834 1837 909 psalmoPsal·
1865 822 1869 851 ³

132 939 327 1015 proprietates
341 940 479 1009 existant,
496 953 549 1009 per
563 933 831 1009 quasassimilatur
854 931 959 987 indivi·
1015 948 1092 1002 mus,
1105 932 1239 1003 inquam,
1255 927 1434 1001 compositus
1444 944 1496 999 pro
1508 931 1631 992 octava,
1656 925 1689 981 id
1707 929 1755 983 est
1781 933 1838 982 mete

133 1030 200 1087 deae
213 1030 361 1087 Trinitati.
374 1030 444 1087 Post
458 1027 624 1099 basiisque
638 1026 713 1082 duas
724 1025 960 1096 vitas,tanuam
1010 1019 1127 1094 judicii,
1139 1020 1217 1093 quod
1229 1020 1257 1074 in
1268 1022 1368 1075 octava
1378 1015 1604 1074 resurrectionis
1624 1017 1839 1089 nugatoriaque

134 1122 236 1176 octava
249 1123 316 1191 post
331 1117 543 1192 septenarium,
564 1115 627 1171 dies
638 1113 746 1187 judicii
762 1113 961 1186 subsequetur
1013 1109 1150 1167 videlicet
1163 1104 1522 1179 psalmeestdapreoativa
1533 1104 1709 1174 conl'essio,
1722 1106 1842 1178 quocica

134 1209 165 1265 in
180 1224 240 1280 qua
253 1208 352 1280 justus
364 1208 456 1279 judex
466 1204 624 1275 unicuique
638 1220 690 1276 pro
707 1202 821 1259 meritis
837 1219 960 1274 respon·
1016 1201 1046 1255 in
1061 1213 1094 1254 eo
1110 1197 1196 1268 eulpa
1210 1194 1393 1263 conceditur,
1409 1199 1438 1251 et
1452 1193 1536 1250 venia
1566 1193 1767 1266 postulator.
1792 1195 1843 1260 Oea

135 1296 225 1354 debit.
242 1295 325 1354 Unde
337 1297 446 1352 timens
461 1298 595 1368 peccator
624 1293 768 1367 paenitens
797 1291 905 1347 clamet
933 1293 962 1345 et
1018 1283 1845 1360 licetapudjudicessaecularessententiamcendemna-

136 1389 217 1442 erat:
233 1385 346 1441 demine
359 1400 394 1441 ne
407 1385 438 1439 io
461 1385 505 1440 tre
531 1391 593 1439 tues
616 1398 717 1454 orpues
741 1396 795 1449 me,
821 1394 908 1451 neque
930 1377 962 1434 in
1015 1376 1105 1433 tionis
1115 1375 1239 1447 judicat,
1258 1374 1336 1447 apud
1347 1374 1440 1430 Deum
1455 1375 1553 1430 tamen
1571 1373 1787 1431 absolutionis
1796 1388 1846 1430 aro·

12 1470 25 1513 ’-
136 1475 233 1546 {erere
246 1482 293 1530 tue
306 1473 493 1546 compienne
505 1472 591 1544 (reat.
608 1472 658 1540 ιι).
1014 1466 1139 1523 tentiam
1153 1468 1350 1539 promeretur.

601 1795 846 1871 Psatulgettml
861 1792 1150 1854 POENl'l'liNTldLlS
1165 1791 1381 1851 sanctorale

173 2135 297 2205 Domine,
311 2149 348 2191 ne
361 2135 393 2189 in
407 2133 617 2205 iretueUurere
626 2132 686 2203 tue]
698 2146 800 2203 erpeee
806 2146 861 2201 me,
873 2145 961 2202 neque
976 2133 1001 2199 Β
1015 2131 1210 2204 procuranda
1226 2128 1336 2203 duplici
1356 2129 1485 2204 plagast
1504 2145 1557 2203 pre
1577 2127 1721 2187 tollenda
1748 2126 1849 2201 duplici

137 2226 336 2297 insereretur
351 2220 630 2295 [ireteclcerripies
643 2219 789 2292 melpscl.
805 2222 855 2291 m).
1018 2235 1110 2275 more.
1137 2220 1192 2275 Pro
1217 2237 1304 2292 prena
1334 2222 1521 2293 perpetuast
1552 2217 1748 2287 transitoria,
1781 2216 1849 2290 qued

175 2313 311 2371 Psalmna
334 2312 391 2368 iste
418 2310 581 2368 seeundum
611 2310 845 2378 translationem,
875 2324 964 2381 quam
1018 2307 1147 2365 ostendit
1167 2311 1196 2365 in
1217 2307 1851 2381 primoversudicenszllemine,neiaim

139 2409 271 2462 Romana
289 2404 370 2458 leuat
392 2400 532 2470 Ecclesia,
561 2399 692 2456 eontinet
720 2415 822 2454 novem
850 2414 963 2466 versus,
1017 2403 1067 2454 tue
1083 2414 1241 2468 erpensme
1264 2414 1351 2471 neque
1376 2401 1407 2455 in
1433 2404 1528 2468 terere
1556 2400 1605 2454 lue
1632 2399 1784 2470 corripies
1800 2412 1850 2452 ne.

139 2509 192 2567 per
205 2507 280 2564 quos
295 2490 440 2564 poenitens
455 2487 601 2562 gradatim
617 2488 792 2544 escenditad
805 2503 907 2544 novem
919 2504 965 2542 or·
1018 2487 1570 2561 Accidixissetapertius:Nearguas
1586 2487 1685 2544 mein
1703 2488 1759 2556 ira,
1790 2502 1851 2544 een·

140 2581 225 2638 dines
239 2578 432 2652 augelorum:
448 2580 517 2650 quia
532 2578 623 2650 majos
632 2585 670 2634 eet
693 2577 832 2646 paediam
859 2576 966 2647 angelis
1020 2578 1187 2633 damnando
1204 2577 1232 2632 in
1247 2579 1356 2645 loturo,
1367 2593 1462 2649 neque
1473 2577 1616 2648 corripias
1627 2576 1660 2632 in
1672 2576 1791 2642 lurore,
1801 2591 1851 2648 pe·

141 2671 283 2742 liciaeper
303 2684 357 2724 ene
380 2676 518 2740 peccatore
541 2667 733 2738 penitentiam
761 2674 859 2735 operate
883 2681 967 2737 quum
1022 2666 1128 2722 aiendo
1145 2682 1191 2720 me
1205 2665 1236 2721 in
1251 2667 1399 2738 presenti.
1425 2672 1481 2723 Pro
1497 2665 1583 2739 plaga
1597 2665 1751 2738 corporali
1762 2663 1850 2737 etapi-

140 2775 223 2832 seper
237 2757 394 2831 necopinata
408 2772 505 2811 necem
516 2757 610 2828 jectis,
626 2756 673 2826 pai
688 2769 743 2810 nen
755 2756 886 2826 inciperet
909 2770 967 2824 pae·
1022 2753 1132 2820 rituali,
1143 2756 1221 2825 quod
1231 2755 1361 2811 ostendit
1371 2756 1399 2810 in
1409 2756 1538 2812 secundo
1549 2771 1634 2811 versu
1644 2755 1755 2813 dicens
1767 2754 1850 2812 :Sena

139 2848 261 2906 edentia
283 2847 358 2919 (lec.
387 2847 446 2916 xv).
476 2842 615 2910 Quamvis
643 2848 673 2899 et
697 2859 838 2898 numeres
866 2843 968 2898 decem
1022 2843 1283 2915 me,Deminepcie
1302 2845 1705 2901 conturbetesenteesemee
1733 2850 1764 2900 et
1793 2842 1850 2899 eni·

139 2933 581 3007 versuum,quosjuxtaaliam
611 2932 832 2987 translationem
860 2930 969 2988 babere
1022 2932 1423 2990 momeelurleteesleelde.
1450 2937 1490 2990 Ac
1505 2934 1530 2990 si
1546 2934 1672 2990 dixisset
1702 2933 1850 3007 apertius:

142 3025 336 3100 dignoscitur,
352 3024 426 3079 bene
439 3026 583 3093 congruat
598 3020 717 3089 rationi,
729 3022 868 3091 quoniam
882 3020 969 3075 bomo
1023 3020 1097 3075 Sene
1113 3036 1155 3076 me
1170 3021 1206 3076 ab
1221 3022 1396 3093 aegritudine
1410 3021 1569 3096 corporali,
1583 3023 1719 3095 queniam
1744 3032 1850 3079 cenw-

143 3115 194 3187 qui
208 3112 315 3170 cecidit
325 3128 376 3183 per
391 3111 543 3176 offensam,
555 3109 744 3180 resurgitper
755 3109 969 3181 peonitentiam,
1025 3109 1088 3165 butu
1101 3113 1166 3165 seret
1180 3126 1240 3166 esee
1254 3127 1336 3174 mee:
1353 3112 1389 3167 ab
1404 3112 1578 3183 egritudine
1593 3110 1759 3185 spirituali,
1789 3125 1853 3184 pse·

144 3197 970 3274 otpsreumordodeciruusrestsuretur.Meritoetiam
1023 3201 1567 3258 niemenimeterenteestvelde.Pro
1587 3217 1670 3256 mora
1701 3200 1850 3257 miseriam
1895 3230 1897 3249 ι

146 3291 203 3347 iste
218 3289 352 3362 psalmus
367 3293 426 3345 tres
442 3288 530 3342 babet
540 3285 694 3352 ternarios,
711 3285 781 3358 quia
802 3285 970 3356 paenitentis
1024 3288 1174 3344 auferendi
1191 3293 1219 3344 et
1233 3288 1356 3362 gloriam
1372 3291 1552 3356 conterendi,
1569 3289 1646 3363 qued
1674 3290 1851 3347 ostenditis

148 3377 561 3448 tresdebetbsberepartes:
581 3376 787 3431 contritionem
816 3376 847 3430 in
873 3375 970 3445 corde,
1024 3377 1210 3434 tertioversu
1236 3377 1380 3435 dicende:
1410 3383 1446 3435 at
1473 3389 1514 3447 te,
1535 3381 1661 3445 Domine,
1693 3381 1853 3453 emmae!

149 3467 362 3527 contessionem
373 3467 402 3523 in
417 3482 466 3522 ere
492 3470 522 3521 et
547 3464 778 3522 satisfactionem
806 3464 836 3519 iu
865 3479 1009 3567 opere:c
1029 3465 1198 3532 Convertere,
1211 3469 1333 3536 Domine,
1348 3477 1375 3525 et
1395 3467 1471 3540 eripe
1485 3469 1610 3526 crimem
1623 3485 1720 3527 mecm
1746 3472 1853 3526 smeret

145 3558 308 3633 quamlibet
322 3559 420 3613 autem
436 3555 560 3612 tornatio
571 3552 813 3623 subdistinctam
831 3553 970 3626 quoniam
1027 3572 1072 3611 me
1085 3560 1131 3628 tce
1144 3559 1255 3627 prepter
1267 3558 1492 3615 misericordium
1508 3562 1594 3615 leem.
1619 3561 1659 3614 Ac
1674 3559 1702 3615 si
1732 3558 1854 3616 dixisset

145 3649 177 3704 in
192 3645 368 3703 contritione
383 3645 469 3700 debet
484 3644 592 3699 babere
608 3644 751 3716 poenitons
769 3643 905 3700 timerem
935 3644 971 3698 de
1025 3645 1175 3717 apertius:
1192 3648 1224 3701 Et
1238 3646 1412 3713 tabentes,
1427 3663 1566 3721 usqueque
1585 3645 1717 3705 ‘ididers
1732 3662 1852 3704 sanare:

148 3751 245 3809 prena,
261 3734 391 3790 dolorem
408 3734 443 3789 de
459 3731 547 3804 culpa
562 3738 591 3788 et
611 3748 742 3789 amorem
756 3735 791 3788 de
805 3733 912 3804 gratia.
938 3732 970 3788 lu
1025 3734 1110 3806 quasi
1125 3736 1213 3802 dicat,
1230 3752 1266 3791 ne
1281 3737 1416 3804 moreris,
1430 3737 1482 3793 sed
1498 3738 1579 3809 eripe
1594 3738 1727 3794 animam
1757 3753 1853 3793 meam

143 3824 328 3883 contessione
343 3822 430 3879 debet
443 3823 606 3894 exprimere
615 3823 778 3891 veritatem,
791 3824 826 3878 de
838 3823 924 3890 lacte,
935 3823 971 3878 de
1025 3839 1041 3878 a
1057 3823 1193 3895 praesenti
1206 3824 1335 3880 miseria.
1361 3827 1508 3899 Itemque:
1527 3828 1702 3898 Convertere,
1725 3826 1854 3897 Domine,

147 3929 282 3981 numero,
299 3912 334 3969 de
350 3912 446 3967 medo.
465 3913 495 3966 tn
511 3911 721 3981 satisfactione,
751 3912 837 3968 debet
862 3913 972 3968 eratio-
1025 3912 1612 3986 quasidicat‚nemereris,sedsalvum
1628 3916 1787 3974 melania
1808 3916 1854 3973 lu-

147 4019 217 4060 nam
230 4000 356 4074 dirigere
374 4000 411 4056 ed
436 3999 541 4067 Deum,
561 3999 776 4070 eleemosynam
805 4002 842 4057 ad
872 4000 972 4073 proxi·
1025 4001 1209 4074 turagloria.

49 4088 52 4103 '
148 4090 391 4164 mum,jejunium
406 4090 443 4145 ad
458 4089 600 4161 seipsum.
614 4089 723 4146 Novem
736 4106 853 4163 queque
868 4107 971 4147 versus
1059 4090 1175 4148 Audisti
1191 4094 1338 4164 quomedo
1355 4094 1500 4166 pmnitens
1515 4095 1545 4151 in
1560 4094 1657 4168 primo
1670 4096 1803 4154 ternario
1818 4096 1853 4152 ti·

148 4180 335 4241 suntinboo
355 4179 482 4251 psalmo,
511 4185 629 4251 prepter
654 4195 757 4235 novem
786 4179 971 4237 diversitates
1025 4187 1085 4237 met
1098 4187 1212 4255 steret,
1229 4182 1297 4238 audi
1313 4185 1462 4254 quomode
1476 4184 1506 4241 in
1522 4185 1854 4260 seeundoternarioge-

145 4275 345 4343 peecatorum,
356 4268 391 4324 de
402 4268 512 4340 quibes
523 4267 666 4339 poeeitens
678 4268 878 4339 dobetdolere,
890 4270 971 4325 vide·
1025 4270 1079 4325 mit
1093 4275 1122 4326 et
1138 4270 1242 4343 plorat.
1257 4273 1401 4342 tolerari,
1417 4267 1522 4345 in'quit,
1545 4273 1689 4345 ingemitis
1717 4292 1789 4346 mee,
1811 4277 1852 4332 le·

145 4359 213 4415 licet
229 4365 345 4430 propter
358 4355 499 4428 originale
514 4363 676 4428 peccatum,
695 4358 816 4415 mortale
830 4364 858 4416 et
871 4359 970 4415 venia·
1024 4360 1092 4415 eebe
1112 4376 1162 4432 per
1189 4363 1315 4431 ciepules
1341 4372 1431 4419 nectes
1459 4363 1559 4420 mlum
1585 4379 1689 4436 mum,
1720 4364 1854 4439 tear-prais

147 4447 184 4504 le.
202 4452 268 4503 Hae
283 4450 371 4503 sunt:
388 4461 520 4517 serpens,
538 4444 644 4502 mulier
658 4451 687 4502 et
715 4447 768 4502 vir.
792 4453 929 4521 Serpens,
941 4447 970 4503 id
1025 4448 1092 4505 meis
1104 4457 1220 4504 stratum
1236 4467 1327 4506 mrem
1342 4453 1449 4523 ripale.
1466 4452 1562 4509 Gemit
1576 4460 1605 4509 ot
1621 4453 1719 4525 plorat
1735 4460 1853 4528 propter

147 4541 193 4592 est
207 4530 443 4607 eoncupiscentia
457 4535 590 4605 suggerit
605 4535 787 4605 originaliter
798 4537 929 4605 ;mulicr,
940 4536 971 4593 id
1025 4538 1133 4594 mentis
1148 4537 1336 4607 oblivionem,
1351 4547 1381 4597 et
1397 4548 1515 4614 propter
1537 4540 1635 4599 laedis
1663 4543 1851 4615 suppressio·

148 4630 194 4682 est
210 4622 363 4680 delectatio
379 4623 507 4679 comedit
522 4623 692 4692 venialiter;
708 4624 752 4679 vir
771 4626 799 4681 id
825 4633 870 4682 est
897 4628 970 4683 ratio
1026 4644 1103 4683 nem.
1121 4628 1241 4700 Propter
1255 4628 1428 4686 oblivionem
1443 4631 1559 4697 urentis,
1573 4648 1636 4703 quse
1652 4632 1789 4704 reprobis
1808 4636 1853 4688 est

35 4780 40 4787 ,
147 4711 570 4771 consentitmorteliter.ltem
591 4717 743 4784 peccatum
772 4715 970 4788 cogitationis,
1023 4715 1220 4783 inmorto‚et
1240 4725 1358 4790 propter
1380 4720 1620 4793 suppressionem
1650 4720 1759 4792 laedis,
1788 4738 1852 4795 qua

147 4800 430 4870 locutionis,operis.
452 4800 643 4872 Cogitationis
654 4802 683 4855 in
692 4803 790 4872 corde,
814 4803 971 4861 locutionis
1024 4806 1171 4862 danrnatis
1184 4811 1229 4862 est
1242 4808 1272 4863 in
1283 4807 1397 4865 inlerno
1409 4825 1416 4864 :
1426 4808 1466 4865 De
1476 4809 1585 4881 quibus
1596 4811 1625 4865 in
1637 4815 1746 4882 quarto
1759 4827 1850 4868 verso

146 4893 178 4951 iu
194 4907 254 4962 ore,
271 4889 449 4962 operationis
464 4889 495 4942 in
510 4889 734 4948 consuetudine.
753 4896 816 4947 llaec
829 4897 874 4950 est
890 4910 969 4950 mors
984 4877 1008 4944 D
1024 4894 1177 4966 praemittit
1192 4895 1311 4955 dicens:
1327 4899 1462 4968 Quoniam
1476 4908 1587 4956 nonest
1615 4900 1647 4956 in
1675 4903 1775 4967 inerte,
1805 4901 1854 4974 pei

147 4980 179 5038 in
195 4981 293 5050 domo,
311 4993 390 5033 mors
405 4976 658 5048 inporta,morsin
674 4979 819 5052 sepulcro.
841 4986 970 5039 Rursum
1026 4999 1131 5040 nemer
1152 4983 1189 5041 sit
1212 4985 1256 5042 tei
1285 4987 1314 5040 in
1341 4988 1451 5059 inferno
1479 4995 1570 5044 eutem
1593 4988 1654 5061 pete
1671 4988 1855 5058 confitebitur

148 5064 495 5144 peecatumlragilitatis,
522 5064 729 5138 simplicitatis,
760 5069 971 5141 malignitatis:
1027 5073 1578 5147 tibiillcsidixissetepertius:ldeo
1600 5076 1774 5135 laboreriis
1803 5095 1855 5151 pe·

147 5157 317 5232 tragilitatis
333 5172 384 5227 per
398 5154 614 5227 impotentiam,
626 5156 824 5226 simplicitatis
832 5161 971 5232 perigne·
1026 5166 1099 5218 inite
1112 5179 1183 5226 osee,
1200 5166 1330 5236 queniam
1344 5181 1403 5218 nen
1416 5169 1456 5221 est
1471 5168 1501 5219 in
1516 5168 1611 5232 morte,
1629 5165 1658 5221 id
1673 5170 1720 5222 est
1732 5166 1763 5222 in
1773 5182 1855 5222 mer·

147 5249 286 5317 raetiam,
301 5250 330 5301 et
345 5242 539 5313 malignitatis
557 5258 609 5313 per
622 5243 822 5301 invidentiam.
838 5252 899 5303 Hoc
916 5254 972 5318 est,
1026 5250 1078 5307 tali
1094 5258 1221 5322 peccato,
1232 5254 1282 5324 qui
1293 5268 1399 5308 memor
1412 5252 1449 5309 sil
1463 5256 1519 5322 tei,
1530 5255 1584 5311 hoc
1600 5259 1645 5311 est
1661 5253 1713 5328 qui
1744 5256 1853 5312 memi-

146 5342 299 5407 peccatum
316 5334 344 5389 in
362 5337 486 5400 Putrem,
501 5333 530 5388 in
544 5330 651 5388 Filium
668 5340 697 5390 et
711 5335 740 5389 in
752 5333 893 5407 Spiritum
908 5354 974 5394 san·
1027 5341 1103 5397 nerit
1118 5340 1190 5415 legis
1205 5347 1272 5413 tua,
1289 5358 1377 5414 quam
1394 5343 1612 5415 prevaricando
1626 5348 1792 5401 contemnit
1804 5360 1812 5401 t
1825 5348 1855 5402 et

144 5430 234 5480 ctum.
246 5423 277 5480 ln
294 5423 389 5496 prime
401 5421 540 5489 ternario,
556 5421 700 5493 penitens
728 5422 814 5480 timet
837 5430 867 5481 et
890 5431 971 5498 orat;
1027 5429 1625 5505 identaeaeeperstupeasnoetnocrem
1639 5448 1745 5505 maer,
1775 5449 1852 5507 qao·

147 5512 178 5569 in
194 5511 304 5577 medio,
319 5512 409 5584 gemit
424 5514 453 5567 et
467 5510 561 5584 plorat
574 5530 581 5579 3
594 5510 624 5566 in
640 5509 754 5577 ultimo,
767 5514 875 5585 gaudet
888 5520 975 5589 etop-
1028 5521 1108 5576 niam
1120 5518 1150 5576 in
1166 5520 1290 5588 interno,
1306 5521 1334 5576 id
1352 5525 1396 5578 est
1421 5520 1451 5576 in
1475 5521 1593 5581 baratro
1621 5522 1853 5597 desperationis,

149 5606 202 5659 tat.
220 5600 318 5658 Timet
331 5605 361 5657 et
375 5603 449 5668 orat,
481 5616 533 5673 pro
554 5601 715 5659 amovenda
740 5601 849 5675 duplici
878 5621 975 5682 poene,
1029 5607 1096 5679 quis
1110 5608 1297 5668 confitebltur
1311 5608 1389 5669 tibii
1404 5609 1490 5682 qnasi
1504 5610 1593 5685 dieat,
1608 5608 1852 5684 nussmemaiae,
