3796 5986
431 285 556 342 SEBMO
574 286 621 352 Vt,
642 284 821 341 uoutrttcs
839 288 878 342 111
896 286 936 341 IN
954 286 1126 342 snvsrttu
1144 286 1285 344 uoutm.
1659 286 1713 347 838

73 422 163 479 quem
188 409 286 466 omnis
308 408 462 466 edilioatio
478 413 647 466 oonstruata
673 409 778 465 erescit
802 409 832 465 in
847 416 874 479 Α
888 409 1028 468 eeoidorit
1039 409 1115 484 lapis
1128 411 1195 481 iste,
1210 417 1342 470 conteret
1365 429 1445 485 eum,
1468 414 1556 473 iesus
1579 416 1714 475 Christus

70 494 149 569 plum
165 502 302 555 sanatum
317 499 348 555 in
363 498 497 555 Domino.
521 498 575 563 Qui
599 514 668 555 vero
695 496 834 555 ceciderit
887 498 1032 556 Dominus
1047 502 1209 573 nostsr‚qui
1224 507 1269 559 est
1284 504 1487 577 superomnia
1500 504 1714 564 bonedlotusin

70 601 96 642 ar
109 585 239 659 lapidem
254 587 357 659 istum,
372 587 585 660 eonlringetur3
595 590 625 644 et
639 602 729 660 super
743 602 833 660 quem
888 587 997 646 sessula
1011 587 1197 648 seculorum.
1213 595 1318 651 Amen.

702 910 905 999 SEitlth
945 912 1007 997 VI

454 1091 646 1153 neuturus
666 1091 812 1154 rueris
832 1093 872 1153 ut
894 1092 1080 1156 anvsuru
1102 1093 1257 1156 unurni.

70 1263 196 1335 vuotuor
209 1253 402 1317 naturatibus
416 1261 521 1317 mentis
535 1255 712 1335 affectius&
726 1253 762 1316 de
778 1254 889 1338 paedia
904 1255 1046 1319 bonoram
1060 1266 1090 1318 et
1102 1260 1263 1332 autorum,
1289 1257 1392 1321 sordis
1414 1268 1444 1320 et
1465 1265 1568 1322 aaran
1581 1280 1594 1324 .·
1616 1271 1646 1324 et
1669 1262 1702 1324 ia

526 1342 682 1418 prosperis
696 1345 725 1397 et
737 1336 868 1400 adversis
881 1337 959 1420 qaid
969 1339 1008 1400 sit
1021 1337 1180 1416 suendum.

70 1676 153 1735 saca
168 1677 198 1731 ia
214 1675 331 1734 Domino
343 1692 459 1748 semper,
475 1677 578 1731 iterum
593 1674 668 1744 dico,
685 1674 799 1748 qaadets
814 1693 821 1732 :
877 1675 940 1748 lege
951 1676 1216 1750 praoipitumaNon
1228 1675 1566 1751 aecipieslooopignoris
1576 1680 1711 1753 superio·

70 1767 137 1823 utta
154 1773 247 1822 uestra
260 1768 324 1822 nota
339 1767 376 1821 sit
390 1768 517 1822 omnious
532 1764 706 1827 hominibus:
730 1764 822 1821 Domi·
878 1765 1154 1823 remetinleriorem
1163 1765 1707 1838 molam(Deut.xx1v).›»lntergaudium

70 1855 137 1911 raim
151 1870 237 1927 prope
250 1859 290 1909 est
304 1855 388 1923 (Phil.
405 1855 456 1926 iv).
877 1855 1024 1927 siquidem
1042 1860 1071 1911 et
1086 1854 1225 1920 dolorem,
1241 1858 1383 1926 tanquam
1405 1855 1481 1912 inter
1503 1856 1579 1913 duas
1602 1856 1706 1930 molas,

70 1949 258 2002 orosanotum
288 1943 493 2016 Redemptoris
526 1942 619 2000 nostri
651 1944 820 2013 adventum,
877 1945 906 2000 in
922 1945 977 2000 heo
993 1943 1110 2000 mortali
1125 1944 1184 2000 vita
1198 1944 1309 2000 versari
1324 1944 1485 2013 dehemus;
1510 1950 1543 2001 ut
1564 1945 1700 2005 videlicet

70 2051 80 2090 ι
100 2034 219 2105 antiqui
234 2031 334 2089 fideles
349 2048 417 2088 aum
432 2032 544 2106 ingenti
559 2033 705 2090 desiderio
717 2050 820 2106 exspe·
866 2032 959 2090 -dolor
972 2037 1116 2106 temperet
1129 2033 1322 2106 gaudium,ne
1337 2033 1545 2104 dissolvamur3
1557 2036 1699 2108 gaudium

72 2127 159 2190 runt,
176 2139 229 2178 nos
244 2138 311 2178 eum
328 2138 435 2195 magno
449 2122 556 2195 gaudio
582 2121 723 2179 debemus
745 2121 819 2179 oela-
875 2138 944 2180 vero
959 2121 1102 2190 dolorem,
1118 2138 1155 2179 no
1170 2122 1397 2180 confundamur.
1412 2123 1529 2180 Nimius
1542 2125 1622 2182 enim
1646 2126 1700 2182 do·

70 2230 90 2282 ι;
109 2212 182 2285 qula
199 2227 286 2285 quem
302 2210 345 2266 illi
364 2216 606 2283 exspeotaverunt
629 2211 818 2284 promissum,
875 2211 930 2283 lor,
946 2211 1159 2269 immoderatus
1173 2210 1309 2268 videlieet
1322 2215 1353 2268 et
1375 2210 1546 2283 continuus,
1570 2217 1701 2271 mentem

72 2300 506 2361 slsnramusexhibisumltam
517 2302 741 2376 iexporlloyeen
753 2304 821 2360 dats
837 2317 860 2382 B
875 2299 1046 2369 contundit,
1064 2299 1189 2355 nimium
1210 2313 1278 2354 vero
1300 2297 1448 2371 gaudium,
1472 2299 1701 2358 immoderatum

70 2391 158 2464 pratia
172 2395 202 2447 et
215 2391 323 2446 veritas
338 2390 505 2462 pertesum
520 2389 668 2447 Christum
684 2394 762 2448 tacta
775 2398 821 2449 est
874 2387 1012 2446 similiter
1027 2392 1057 2445 et
1072 2387 1256 2456 continuum,
1272 2391 1401 2443 mentem
1416 2385 1560 2444 dissolvit.
1584 2392 1705 2463 Propter

70 2522 84 2536 ,.
103 2478 138 2551 ι.)
155 2478 302 2536 Gaudium
317 2494 384 2535 vero
399 2479 568 2546 mediatam
584 2497 633 2537 ore
648 2498 735 2553 quam
752 2499 820 2555 ope·
874 2478 953 2550 quod
969 2478 1100 2535 dieitur:

72 2569 183 2626 bemus
199 2569 372 2641 exprimere,
383 2568 433 2624 sed
450 2568 592 2625 modeste.
604 2574 726 2642 Propter
741 2573 818 2644 quod
943 2577 1090 2703 latgffoaa
1104 2575 1161 2630 tais
1175 2573 1317 2630 interdum
1331 2573 1432 2645 paedia
1447 2576 1543 2631 earu..

72 2656 235 2731 Apostolus
250 2675 257 2713 :
274 2656 393 2713 Gaudete
406 2660 436 2712 ia
448 2657 563 2714 Domino
576 2674 683 2731 semper
698 2678 705 2717 :
721 2661 821 2717 iterum
946 2647 987 2716 Qu
1036 2647 1233 2702 callistum
1248 2644 1482 2718 ’'till't‘illmiil‘
1496 2661 1551 2703 '³⁰²¹
1565 2651 1617 2704 “i-

97 2746 226 2819 pendete.
257 2745 391 2802 Modestia
418 2755 509 2802 uestra
537 2750 603 2803 noto
629 2750 666 2803 sit
692 2751 820 2807 omnious
873 2748 947 2804 dudi
963 2746 1104 2822 gaudium
1118 2745 1245 2803 nimium
1265 2746 1343 2818 quod
1369 2745 1556 2803 dissolvitza
1580 2745 1700 2806 Cithara

70 2835 153 2893 silus
169 2852 175 2893 :
191 2835 324 2893 Dominus
338 2835 413 2891 eaim
427 2852 510 2908 prope
525 2844 574 2892 cst.
592 2841 680 2893 Docet
694 2854 763 2911 ergo
788 2839 817 2895 in
872 2842 902 2893 et
915 2836 978 2911 lyra
992 2841 1021 2893 et
1036 2841 1208 2908 tympanum
1225 2839 1255 2892 et
1268 2834 1370 2891 vinum
1386 2834 1416 2891 in
1431 2835 1574 2893 conviviis
1592 2837 1699 2895 vestris

71 2925 237 2983 debeamus
262 2925 400 2997 gaudere,
427 2941 494 2981 eum
521 2926 594 2982 dioit
610 2942 618 2982 ε
634 2926 666 2982 la
685 2928 819 2992 Domino:
872 2929 936 2998 (isa.
952 2927 992 2999 v).
1008 2948 1022 2977 a
1039 2930 1110 2981 Eoos
1124 2925 1264 2997 gaudium
1281 2927 1310 2980 et
1333 2923 1475 2995 letitiam,
1500 2925 1633 2983 oooidere
1655 2925 1699 2982 vi·

70 3031 79 3071 ι
94 3014 159 3083 diu,
173 3030 240 3070 eum
256 3014 337 3085 dicit,
352 3012 480 3085 Semper:
495 3014 631 3086 qualiter,
642 3032 709 3072 oum
726 3017 817 3076 dioit:
872 3014 950 3072 tulos
961 3012 1134 3086 stjugularo
1146 3012 1263 3080 arietes,
1279 3013 1545 3071 comedereoarnes
1555 3018 1585 3071 et
1598 3014 1699 3073 bibere

70 3104 125 3160 asa
141 3106 232 3160 vestm
245 3112 312 3160 aeto
325 3103 362 3158 sit
385 3102 514 3159 amatim
536 3103 703 3161 hominibus.
728 3108 767 3163 Aa
792 3107 817 3164 si
871 3104 984 3160 vinum.
994 3126 1008 3154 a
1018 3102 1250 3160 comedamuset
1260 3101 1409 3173 bibamus,
1420 3102 1576 3160 eraserim
1592 3103 1699 3162 morie·

69 3190 440 3261 ,modestaouaretQua'o
450 3193 818 3266 Domiaaspropesst.Nota
872 3210 939 3250 mur
966 3192 1058 3266 (lsaiae
1083 3192 1164 3264 xxii).
1190 3213 1205 3241 a
1228 3191 1304 3248 Audi
1328 3189 1459 3248 dolorem
1484 3191 1621 3261 nimium,
1646 3192 1699 3265 qui

70 3278 108 3336 ila
122 3279 296 3353 diligentem
313 3279 381 3352 quia
396 3279 470 3335 nihil
484 3284 530 3336 est
541 3279 571 3337 in
587 3281 640 3351 eis,
656 3283 735 3354 quod
752 3300 818 3339 sua·
872 3281 1048 3338 contundit:
1066 3302 1079 3332 a
1100 3280 1209 3336 Omnes
1233 3295 1340 3336 manus
1364 3278 1573 3350 dissolventur,
1597 3282 1627 3336 et
1648 3294 1700 3336 eor

70 3384 131 3427 non
148 3368 279 3425 redoleat
293 3368 484 3425 intellectum.
501 3370 576 3443 Ergo
590 3371 708 3440 suadete
720 3374 750 3428 ia
765 3374 817 3429 lto·
871 3370 1000 3428 hominis
1016 3370 1145 3426 tebesoet
1161 3386 1168 3425 :
1185 3368 1327 3425 tortiones
1351 3371 1380 3424 et
1403 3367 1518 3425 dolores
1541 3368 1696 3438 tenebunt,

91 3472 210 3530 semper.
221 3457 331 3526 Nostis,
341 3461 374 3513 ut
386 3457 545 3526 oredimus,
555 3460 625 3530 quia
637 3476 713 3533 sape
726 3463 817 3518 vidis·
871 3458 956 3533 quasi
973 3457 1139 3532 parturiens
1154 3456 1297 3514 dolebunt
1310 3456 1419 3528 (iacet.
1435 3456 1498 3528 vu).
1516 3478 1528 3508 ι
1546 3456 1623 3512 inter
1643 3456 1698 3513 lias

71 3546 130 3603 nod
143 3550 294 3603 Romanus
304 3546 446 3618 pontifex,
463 3550 523 3602 tam
535 3546 564 3602 in
575 3547 816 3622 Quadragssims,
870 3566 939 3621 ergo
955 3548 1048 3605 molas
1061 3546 1171 3604 versari
1183 3562 1237 3602 nos
1248 3544 1404 3617 Apostolus
1414 3545 1499 3602 dooet
1514 3562 1521 3602 :
1538 3567 1553 3597 a
1569 3544 1697 3604 Gaudete

69 3655 76 3692 ι
92 3634 123 3691 in
141 3636 273 3692 Adventu
293 3635 448 3707 aufrigiata
462 3636 551 3693 mitra
565 3653 622 3694 non
638 3638 742 3708 utitur,
758 3639 814 3697 uisi
870 3656 938 3698 oum
954 3635 1164 3711 gaudentibus,
1179 3635 1246 3691 tlete
1261 3650 1329 3691 oum
1344 3633 1486 3691 flentibus
1498 3634 1589 3704 (aaa.
1600 3637 1665 3705 ιιι).
1680 3657 1692 3685 ι

73 3740 101 3782 m
117 3723 147 3780 in
164 3724 216 3780 illa
231 3725 370 3781 mediana
393 3724 545 3782 Dominioa
566 3685 851 3801 Quadragesimsa,C
870 3729 903 3784 itt
917 3727 995 3784 alius
1009 3726 1115 3782 iterum
1128 3724 1170 3781 ait
1186 3742 1193 3780 :
1211 3746 1225 3775 a
1243 3723 1275 3780 ln
1291 3723 1339 3780 die
1355 3722 1500 3780 honorum
1516 3739 1575 3780 noa
1588 3724 1696 3781 lmme-

70 3813 106 3871 do
130 3818 269 3870 cantatur
292 3815 329 3869 ad
354 3813 519 3881 introitum,
547 3816 654 3873 letare
675 3820 813 3874 Hieraso-
866 3833 931 3873 mor
944 3816 986 3872 sia
1000 3813 1145 3871 malorum
1159 3814 1273 3883 (Erotes.
1289 3812 1376 3886 11).a

71 3902 246 3960 nsonouin
274 3903 410 3960 medians
436 3902 588 3961 Dominioa
611 3905 646 3961 de
669 3907 813 3977 Adventu,
899 3905 974 3961 Cum
1007 3903 1100 3977 igitur
1132 3903 1218 3959 nobis
1251 3901 1350 3973 aliqua
1375 3901 1556 3974 prosperitas
1584 3902 1692 3972 evenit,

70 3991 106 4048 do
121 3995 258 4048 sanutus
272 3993 309 4048 ad
325 3991 491 4060 introitum,
508 3991 627 4050 Gaudete
646 3995 677 4049 ia
700 3995 814 4053 Domina
867 3994 1081 4068 providendum
1096 3996 1142 4049 est
1157 3991 1252 4059 nobis,
1268 4007 1305 4048 ne
1319 3990 1454 4048 dissoluti
1470 3991 1596 4047 nimium
1620 4007 1693 4062 gau·

70 4096 104 4138 rr.
120 4079 284 4153 Utrumque
298 4080 586 4153 olfioium,gaudium
602 4086 631 4138 et
645 4083 814 4142 exsultatio·
866 4088 989 4142 deamus
1006 4101 1013 4141 ι
1029 4098 1174 4140 memores
1189 4081 1255 4151 ejus
1270 4096 1387 4152 semper
1401 4080 1480 4152 quod
1495 4078 1632 4151 legiturza
1645 4078 1694 4134 Ri-

70 4175 290 4239 sommemorat,
307 4169 440 4225 laetitiam
456 4171 708 4241 etjuounditatem
726 4173 813 4230 indu·
866 4192 918 4231 sus
933 4172 1032 4230 dolore
1048 4172 1198 4240 miscetur,
1214 4175 1243 4225 et
1257 4174 1386 4225 extrema
1401 4167 1500 4239 gaudii
1524 4168 1623 4224 luctus
1645 4182 1694 4224 oo·
1798 4186 1801 4191 ·

70 4258 182 4331 siderei
199 4275 320 4315 eausam
336 4264 364 4316 et
388 4259 510 4315 rationis
533 4261 705 4330 mysterium
729 4263 814 4319 vobis
865 4267 954 4335 eupat
977 4262 1069 4335 (Prov.
1092 4262 1159 4327 xiv).
1185 4281 1200 4309 »
1215 4257 1338 4314 Noverat
1354 4257 1408 4313 hoo
1423 4255 1472 4312 ille
1485 4255 1537 4327 qui
1551 4256 1690 4313 dixerat:

70 4363 169 4404 asena
185 4347 441 4420 pretermittimus
455 4348 766 4421 assignare;‹1uoniam
783 4351 813 4406 in
866 4346 1584 4418 «Versaostinloetumeitharamea,etorganum
1594 4360 1694 4402 meum

70 4432 142 4490 tritis
158 4449 213 4489 noe
229 4434 422 4490 meminimus
435 4436 615 4506 assignasse.
639 4436 759 4494 Gaudete
783 4438 813 4493 ia
867 4440 896 4496 in
912 4455 1012 4496 vonum
1027 4437 1160 4493 flentium
1176 4437 1248 4505 (lot.
1263 4438 1342 4503 xxx).
1360 4455 1374 4484 a
1390 4437 1424 4489 st
1438 4432 1582 4491 ideonum
1602 4433 1694 4491 dixis·

70 4536 101 4579 aa
115 4538 235 4594 semper,
251 4522 354 4579 iterem
366 4523 426 4580 dieo
439 4523 564 4595 suadete.
866 4534 912 4586 set
922 4527 1097 4600 Apostolus:
1111 4525 1228 4582 Gaudete
1238 4523 1270 4580 ia
1283 4523 1401 4580 Domino
1410 4539 1526 4596 semper,
1537 4523 1691 4595 adjunxit:

70 4614 155 4668 atuor
179 4615 250 4667 sunt
271 4611 422 4668 naturales
437 4612 545 4669 mentis
560 4614 704 4671 allectus:
721 4615 814 4689 dolor,
867 4617 1002 4675 Modestia
1018 4622 1110 4673 vostro
1124 4618 1190 4671 nota
1205 4616 1242 4669 sit
1262 4611 1390 4670 omnibus
1414 4612 1584 4669 hominibvs.
1608 4613 1647 4669 do
1667 4611 1694 4670 si

70 4700 142 4767 ium,
157 4700 247 4756 timor
256 4705 286 4757 et
296 4717 374 4772 spes.
390 4701 479 4759 Dolor
488 4706 518 4760 et
532 4704 673 4775 gaudium
689 4705 725 4760 de
738 4721 813 4777 pron·
867 4709 997 4763 diceret:
1017 4728 1027 4756 ι
1046 4702 1194 4761 Exsultate
1210 4719 1276 4759 oum
1291 4701 1447 4770 modestia,
1462 4700 1602 4759 letemini
1626 4717 1692 4758 eum

70 4830 76 4859 ‚
93 4788 183 4845 timor
195 4794 224 4846 et
238 4805 307 4860 spes
322 4790 358 4846 do
373 4791 483 4847 tuturo.
506 4791 594 4848 Dolor
617 4797 645 4848 et
666 4793 757 4849 timor
779 4795 815 4850 do
868 4812 1018 4864 mensura,
1034 4798 1062 4850 et
1078 4794 1143 4866 ipsa
1156 4796 1227 4849 nota
1241 4792 1281 4848 sit
1301 4791 1449 4860 omuibus,
1476 4796 1621 4863 quatenus
1644 4791 1692 4846 lu·

70 4879 222 4951 ‚gaudium
237 4883 336 4934 autem
352 4884 381 4935 et
407 4896 475 4952 spes
494 4881 530 4937 de
554 4882 641 4938 bono.
665 4883 814 4939 Attendite
866 4889 931 4941 eeat
942 4884 991 4940 lux
1001 4887 1099 4940 vestra
1109 4897 1207 4938 eoram
1222 4878 1406 4948 hominibus,
1418 4884 1450 4936 ut
1459 4879 1592 4936 videntes
1606 4893 1695 4950 opera

70 4965 135 5023 todo
163 4966 222 5024 ista
246 4971 373 5039 quatuor
398 4967 453 5023 sibi
479 4968 602 5026 invicem
627 4969 813 5043 colligantur.
866 4981 964 5031 vestra
973 4973 1050 5029 bono
1060 4971 1227 5044 glorificent
1238 4970 1353 5026 Patrem
1365 4974 1495 5026 vestrum
1507 4968 1557 5041 qui
1570 4967 1599 5023 in
1615 4964 1696 5021 ecelis

71 5055 134 5112 duo
150 5056 246 5128 prima
263 5065 331 5113 sunt
344 5057 380 5114 de
395 5058 603 5137 presentiduo
616 5065 644 5115 et
659 5058 763 5118 ultima
777 5060 813 5117 de
827 5052 852 5116 Ι)
867 5069 913 5121 est
925 5063 1033 5132 (latta.
1043 5067 1083 5130 v);
1095 5083 1109 5111 a
1121 5065 1154 5116 ut
1169 5059 1281 5116 eortina
1296 5059 1441 5115 cortinam
1455 5057 1561 5125 trahat,
1571 5059 1600 5112 et
1613 5076 1628 5105 a
1643 5052 1697 5125 qui

70 5161 97 5203 n.
109 5144 415 5203 Primumettortium
431 5147 644 5216 suntdemalo,
655 5150 816 5206 seeundum
871 5152 966 5221 audit,
981 5152 1060 5208 dieat
1076 5166 1083 5207 :
1100 5149 1172 5207 Veni
1188 5150 1279 5221 (ipos.
1295 5150 1377 5218 xxii).
1392 5166 1406 5199 ι

70 5238 170 5292 artum
186 5236 222 5291 de
237 5236 324 5293 bono.
906 5239 1047 5297 similiter
1061 5256 1127 5295 oum
1144 5238 1245 5310 aliqua
1260 5237 1346 5294 nobis
1361 5235 1511 5308 contingat
1524 5232 1697 5304 adversitas,

70 5347 95 5389 tc
116 5333 246 5392 hominos
270 5339 410 5407 metasset,
425 5337 554 5409 capiam,
568 5338 743 5410 panduntque
764 5338 816 5396 ‹to-
870 5330 1085 5404 providendum
1101 5333 1147 5385 est
1164 5327 1260 5394 nobis,
1277 5342 1312 5382 ne
1328 5325 1441 5382 contusi
1458 5323 1581 5380 nimium
1597 5322 1697 5380 dolea-

648 5410 779 5483 [lantque.
871 5438 948 5487 mus,
961 5435 1107 5476 memores
1122 5419 1187 5489 ejus
1202 5432 1317 5485 semper
1331 5413 1408 5486 quod
1425 5412 1551 5470 dieitur:
1563 5434 1578 5464 a
1590 5412 1629 5470 ld
1647 5426 1696 5469 vs·

70 5508 136 5563 sant
158 5506 223 5564 dua
249 5507 344 5577 mole,
369 5508 504 5580 superior
527 5513 556 5567 et
577 5509 714 5577 interior;
739 5510 817 5567 inter
870 5526 987 5582 speram
1001 5508 1204 5566 demorabitur
1215 5507 1342 5574 tletus,et
1351 5503 1388 5558 ad
1400 5502 1579 5559 matutinum
1594 5500 1695 5558 latitia

90 5597 162 5656 moli
188 5597 275 5657 debet
297 5599 399 5657 anima
413 5598 590 5659 Christiana.
605 5601 646 5658 De
660 5601 769 5674 quibus
783 5601 814 5657 in
869 5600 955 5670 (Psoi.
967 5600 1063 5671 xxix);
1081 5621 1092 5649 ι
1110 5589 1181 5668 quia
1193 5598 1260 5667 post
1274 5597 1479 5666 tempestatem
1498 5588 1693 5664 tranquillum
