3796 5986
55 214 58 221 ’
152 239 208 302 ate

806 231 1014 290 innocuam
1032 233 1072 288 111
1090 232 1204 290 ΡΔΡΕ.
1823 238 1868 297 hii

156 372 238 432 Unde
252 385 318 426 cum
335 370 507 426 ceterorum
525 366 638 423 dierum
656 362 796 438 operibus
810 357 974 423 benedixit,
990 356 1017 424 A
1031 365 1140 414 mortua
1160 367 1198 416 eet
1220 363 1285 429 ttae.
1311 363 1354 436 u).
1381 364 1528 422 Lavemus
1555 377 1625 438 ergo
1654 380 1752 436 puras
1779 383 1869 424 samu

156 461 295 535 operibus
305 459 440 516 secunde
451 456 508 513 dici
520 455 703 512 benedixisse
713 469 771 509 non
786 446 1007 524 leglennouia*
1033 446 1080 503 ine
1094 447 1300 520 discrepatione
1314 455 1337 525 (l
1353 455 1423 510 lim.
1438 456 1484 525 11),
1512 459 1692 555 querentes
1705 544 1711 554 ι
1723 473 1791 528 quae
1817 474 1868 558 mr·

157 549 290 608 binarius
305 563 448 604 numerus
462 546 498 601 eb
513 545 627 602 unitata
639 544 761 612 recedit,
777 546 806 598 et
819 540 856 596 ab
868 555 901 595 ee
925 553 979 591 coe·
1033 552 1095 591 sum
1111 545 1176 594 sunt
1188 555 1244 595 nan
1259 559 1318 612 quse
1339 559 1421 614 cuper
1435 544 1614 612 terramala
1632 542 1775 603 curatas
1790 551 1830 604 est
1845 564 1867 603 rs

77 840 80 847 ·
158 820 218 885 tur,
234 832 291 872 nou
303 813 411 881 finalis,
427 813 479 869 sed
495 810 668 884 penultima,
681 808 725 865 vel
740 803 981 878 antepenultima

159 906 284 971 dicatur,
299 919 359 976 qua
373 901 442 958 finis
454 901 491 958 ad
507 915 594 955 suum
611 899 699 955 debet
713 894 843 967 torqueri
869 890 980 965 princi·

158 994 250 1069 pium.
267 996 299 1051 In
316 992 408 1049 missa
422 1007 488 1046 vero
503 1005 556 1062 pre
568 987 714 1043 defunctis
724 1002 783 1042 nen
796 984 884 1040 debet
894 980 980 1077 inter·

157 1083 227 1158 poni
243 1081 335 1141 aratio
350 1096 402 1153 pre
417 1079 500 1145 aivis,
516 1077 574 1133 nisi
599 1075 650 1133 illa
674 1072 842 1131 eommunis
859 1088 865 1126 :
884 1069 980 1126 Ornnr·

156 1180 250 1246 patens
263 1171 431 1244 sempiterne
451 1169 532 1237 Deae,
548 1165 598 1238 qui
612 1167 746 1231 uiuorum,
764 1166 819 1220 etc.

441 1304 696 1366 CAPUTXXVlll.

231 1424 269 1479 lie
280 1418 444 1477 extensione
458 1432 592 1473 manuam
607 1413 755 1471 sacerdotis
769 1414 799 1469 in
814 1413 908 1467 missa.

48 666 52 673 ·
157 639 210 698 teri
226 636 389 695 divisibiles
405 635 519 691 numeri
535 634 700 690 sortiuntur
712 631 867 703 originem.
884 627 918 682 lit
932 640 978 680 ca·
1032 624 1134 683 deutra
1145 628 1196 684 liei
1208 632 1305 687 seriens
1319 632 1421 703 (Celae.
1439 644 1496 706 εει).

41 784 52 801 -.
156 728 284 786 vandum
300 729 346 783 ast
360 725 384 780 si
401 723 475 780 torte
489 721 610 779 collecta
625 737 677 794 pro
693 719 832 776 cataneto
854 715 979 772 miscea-

1336 739 1554 796 capetxxtx

1143 828 1184 880 De
1196 826 1312 896 epistota
1325 843 1387 899 qam
1400 831 1585 900 praemittitur
1598 832 1770 901 euangelia.

1070 929 1200 1000 Epistola
1219 947 1282 1003 quaa
1299 934 1666 1009 premittiturevangetro‚
1680 939 1866 1010 precursoris

1035 1015 1171 1088 designat
1196 1019 1335 1093 altimum,
1351 1023 1428 1094 qaod
1458 1023 1589 1082 ioannes
1614 1029 1691 1082 unte
1721 1026 1865 1084 Christum

968 1146 978 1165 .
1035 1106 1239 1179 exercuit,qui
1256 1095 1460 1181 praiurthnte
1483 1112 1586 1168 taciem
1614 1112 1742 1170 Domini
1775 1132 1866 1187 pamm

1035 1194 1098 1249 vias
1112 1195 1187 1265 ejus.
1203 1197 1284 1252 Sicut
1299 1198 1362 1271 ipse
1378 1203 1514 1255 testatur:
1529 1205 1587 1270 eqo
1601 1217 1659 1257 aex
1673 1202 1867 1260 clamantum

1035 1281 1149 1352 decerto,
1163 1294 1260 1355 parate
1278 1290 1352 1343 atam
1384 1290 1622 1361 Dominatltatttu.
1657 1296 1715 1355 nr).
1744 1293 1865 1350 Josnnes

1036 1374 1200 1444 ergaquasi
1221 1376 1420 1432 subdiaconus
1445 1378 1509 1444 tuit,
1536 1379 1564 1434 id
1592 1383 1639 1436 est
1670 1381 1865 1439 subminister

1035 1459 1125 1532 illins,
1141 1463 1189 1535 qui
1206 1464 1242 1520 de
1261 1482 1292 1521 se
1321 1466 1392 1523 dicit
1408 1483 1414 1521 :
1430 1467 1492 1523 Non
1523 1468 1588 1524 veni
1612 1469 1804 1542 ministrari,
1825 1474 1864 1528 set

194 1559 559 1635 Stausergopeutilexad
577 1558 733 1625 orandum,
757 1571 864 1610 manus
888 1553 982 1611 elevat
1037 1547 1204 1606 ministrate
1224 1553 1404 1626 (Malthxx).
1431 1556 1488 1612 Lex
1503 1557 1581 1614 enim
1610 1560 1702 1631 quasi
1735 1561 1863 1634 paedsge

159 1660 188 1712 et
202 1652 343 1722 extendit,
359 1649 525 1708 astantibus
536 1646 680 1703 hincinde
691 1643 847 1713 ministris,
860 1644 909 1717 qui
922 1661 982 1700 ma·

1036 1653 1101 1710 gns,
1118 1639 1260 1698 intentam
1276 1643 1327 1699 Dei
1344 1644 1487 1717 populum
1504 1661 1555 1718 per
1569 1661 1697 1704 manum
1708 1649 1807 1724 Moysi
1820 1666 1861 1706 cn·

159 1760 217 1800 nus
234 1743 299 1815 ejus
326 1742 505 1805 sustentant,
534 1736 685 1794 sacerdote
700 1750 798 1791 aarum
815 1749 848 1790 eo
865 1738 982 1790 tenente
995 1757 1021 1823 B
1035 1727 1223 1786 stodieudum
1240 1731 1416 1806 suscipiens,
1431 1733 1512 1791 illius
1524 1736 1559 1791 ad
1571 1740 1697 1794 ventum
1710 1739 1860 1797 docuitar·

158 1828 435 1901 sacramentarium.
449 1828 507 1883 hex
527 1826 634 1898 quippe
659 1823 738 1880 istud
760 1826 976 1879 sacramentum

156 1920 298 1977 insinuat.
316 1913 434 1990 Legitur
447 1916 525 1972 enim
541 1915 572 1971 in
588 1913 684 1971 lixode
707 1913 778 1985 (cup.
794 1911 875 1982 xvir),
899 1912 976 1982 qued

155 2025 224 2065 cum
239 2006 329 2064 lsrael
343 2009 486 2079 pugnaret
500 2004 639 2059 adversus
653 1999 792 2057 Arnaleeh
807 2001 837 2056 in
850 2000 975 2071 deserte,

155 2098 269 2170 Moyses
283 2094 414 2152 ascendit
428 2094 457 2149 in
474 2092 610 2148 verticem
626 2090 727 2158 collis;
744 2106 871 2161 cumque
900 2088 976 2146 leva·

156 2190 201 2243 ret
210 2189 323 2258 lloyees
339 2199 456 2249 manus,
472 2181 607 2237 vincebat
619 2180 718 2236 lsrael.
735 2179 764 2234 Si
780 2184 878 2234 autem
903 2195 977 2251 puu-

153 2274 248 2331 lulum
259 2271 433 2338 remisisset,
446 2269 581 2326 Amalech
595 2267 763 2339 superabat.
772 2270 865 2322 Aaron
877 2272 976 2326 autem

155 2370 183 2421 et
197 2368 260 2419 Har
274 2360 480 2419 sustentabant
495 2375 602 2415 manus
617 2358 681 2428 ejus
693 2372 727 2412 ex
742 2362 867 2429 utraque
880 2360 973 2429 parte.

133 2448 139 2461 '
154 2457 189 2508 Et
203 2454 311 2510 laetum
328 2454 383 2523 eet,
396 2453 429 2506 ut
444 2464 550 2505 manus
565 2448 629 2518 ejus
646 2462 703 2503 uon
721 2445 913 2513 lassarentur,
925 2463 975 2503 ue·

1034 1822 1167 1889 spectare
1182 1835 1268 1893 quem
1284 1821 1378 1878 eidem
1395 1825 1505 1897 populo
1525 1825 1586 1895 jam
1601 1825 1721 1895 adulte,
1756 1844 1812 1901 per
1832 1846 1858 1885 or

1032 1905 1218 1981 digitumque
1229 1909 1357 1968 Joannes
1373 1917 1544 1985 presentem
1560 1914 1589 1969 in
1607 1929 1699 1972 carne
1715 1922 1857 1974 monstra·

1032 1995 1082 2066 vit,
1099 2001 1209 2053 utenm
1227 1999 1336 2057 ducens
1360 2007 1533 2074 sequeretur
1556 2004 1593 2060 ad
1616 2020 1765 2078 regnum.
1790 2008 1856 2075 aar,

1032 2084 1147 2158 inquit,
1177 2089 1267 2160 Aquae
1297 2091 1349 2147 eet
1366 2107 1425 2148 cccc
1447 2094 1497 2165 qai
1522 2093 1597 2150 tollit
1618 2104 1741 2166 peccata
1765 2096 1857 2154 masat

1031 2176 1119 2242 (toan.
1136 2176 1166 2247 1).
1184 2176 1334 2235 Praecessit
1348 2196 1476 2252 nemque
1490 2181 1536 2237 lcx
1550 2182 1765 2256 livangelium,
1787 2187 1856 2243 sient

1031 2263 1136 2319 umbra
1150 2265 1350 2341 lucem,virga
1373 2269 1524 2342 spiritum,
1552 2271 1641 2328 timor
1671 2273 1856 2346 charitatem,

1030 2351 1147 2409 initium
1186 2355 1416 2427 perlectionem,
1446 2359 1629 2416 deminantis
1658 2368 1856 2437 praeceptum,

1030 2443 1157 2499 amantis
1172 2445 1336 2502 consilium.
1352 2447 1425 2503 Nam
1441 2448 1486 2504 tce
1503 2465 1552 2520 per
1574 2448 1685 2521 Meysen
1709 2451 1787 2511 data
1809 2460 1855 2525 ert,

154 2559 211 2616 que
225 2541 260 2598 ad
277 2539 349 2598 solis
364 2554 512 2605 occasum,
528 2535 697 2609 fugavitque
720 2535 810 2592 Josue
835 2533 974 2592 Amalech
1028 2532 1156 2600 qratiaet
1171 2536 1277 2590 veritas
1292 2538 1448 2603 pertesum
1464 2537 1745 2612 Christamtactacst
1755 2544 1853 2617 (ibid).

153 2634 182 2688 et
196 2629 338 2704 populum
353 2629 418 2699 ejus
432 2626 462 2683 in
476 2642 526 2682 ore
539 2623 641 2698 gladii.
657 2628 777 2693 Propter
787 2624 842 2680 hoc
852 2640 920 2696 ergo
931 2642 975 2682 sa·
1029 2619 1156 2692 Epistola
1167 2638 1234 2678 vero
1249 2640 1302 2679 vox
1318 2625 1389 2697 legis
1415 2630 1471 2696 est,
1498 2644 1582 2683 enam
1599 2629 1852 2701 imperfectionem

151 2720 255 2776 cardos
269 2717 398 2775 extendit
413 2731 519 2771 manus
535 2715 565 2769 in
582 2713 673 2769 missu
690 2729 757 2769 cum
773 2717 847 2769 oret.
864 2713 936 2769 Nam
946 2717 975 2770 et
1027 2708 1150 2766 ioannis
1166 2713 1335 2769 testimonio
1351 2715 1526 2786 prolitentis,
1541 2722 1570 2773 ct
1583 2718 1620 2774 ad
1640 2719 1852 2791 perlectionem

150 2780 284 2864 Christus
304 2821 371 2861 eum
402 2801 587 2876 expandisset
609 2817 712 2857 manus
739 2801 768 2857 in
799 2817 895 2866 eruce,
921 2818 973 2873 pre
1027 2799 1225 2870 evangelicam
1241 2803 1481 2862 transmittentis.
1498 2804 1547 2861 llic
1561 2810 1612 2874 eet,
1627 2805 1852 2882 inquit,deqru

149 2893 388 2971 persecutoribus
402 2891 506 2960 oravit,
523 2890 763 2959 etdixitzt’atcr,
774 2888 884 2944 dimitte
901 2891 971 2961 iltis,
1025 2886 1089 2942 dixi
1116 2887 1212 2944 uobis:
1231 2890 1285 2958 Qui
1296 2900 1356 2962 pact
1370 2893 1497 2949 mevenit
1520 2899 1585 2952 cate
1612 2912 1655 2953 me
1681 2897 1779 2967 sactus
1805 2902 1852 2970 est,

148 2986 215 3058 quia
228 2982 358 3040 nesciant
373 2980 441 3054 qaid
467 2981 577 3051 taciani
605 2979 681 3051 (Lac.
703 2979 795 3050 xxrrr),
820 2978 976 3035 moraliter
1025 2975 1105 3046 cajus
1115 2992 1170 3032 nen
1183 2993 1243 3032 eum
1258 2978 1357 3050 diqnuc
1373 2981 1524 3053 corripiam
1540 2984 1726 3041 calceamenti
1739 2987 1852 3045 rainere.

149 3075 312 3139 instruens,
329 3071 399 3144 quia
414 3067 547 3126 Christus
572 3084 689 3140 semper
703 3072 823 3140 paratus
842 3077 884 3124 est
898 3068 970 3124 reci·
1027 3064 1299 3136 lteopartetmiuui,
1325 3070 1513 3128 ittumaatem
1538 3089 1670 3130 cresccre.
1705 3076 1771 3132 Non
1797 3079 1853 3133 emt
1893 3100 1895 3145 q

110 3137 119 3148 ι
150 3179 218 3237 pere
235 3161 419 3236 poenitentes,
436 3158 608 3229 iuxtaquod
626 3156 857 3229 ipsepromieit:
874 3115 1008 3214 annuc
1029 3152 1259 3224 ittelac,sedut
1286 3159 1476 3214 testimenium
1503 3161 1646 3231 per-tibere
1675 3163 1708 3220 αθ
1739 3164 1852 3222 pamm,

151 3250 285 3326 quivenit
304 3248 340 3306 ad
354 3265 408 3317 nac,
421 3264 477 3304 aea
488 3247 597 3318 ejiciam
614 3245 693 3319 serae
712 3246 803 3319 (toan.
828 3245 878 3314 vr).
900 3245 973 3301 Cum
1029 3243 1094 3298 Erat
1108 3243 1243 3311 tacuere,
1267 3261 1330 3317 qam
1344 3245 1491 3304 illuminat
1506 3265 1613 3333 emnem
1639 3251 1787 3310 bominem
1813 3270 1852 3311 ne·

153 3343 251 3397 autem
265 3355 352 3397 verus
363 3340 485 3410 Moyses,
503 3335 531 3389 id
547 3339 592 3391 eat
601 3334 737 3392 Christus
747 3332 841 3391 elevat
854 3350 973 3402 manus,
1026 3331 1149 3386 aientem
1159 3330 1187 3387 in
1202 3333 1275 3388 bunc
1288 3337 1416 3392 mundun
1431 3337 1501 3408 (itte
1512 3338 1544 3393 .l.
1556 3339 1613 3396 Lex
1625 3339 1737 3413 quippe
1762 3342 1851 3398 nemi.

70 3470 79 3487 ,
153 3428 183 3484 id
198 3433 243 3485 est
256 3425 403 3500 impendit
417 3421 971 3492 auxiliumetsoletium,vineitlsrael,
1028 3434 1093 3474 nem
1110 3421 1195 3476 duxit
1210 3422 1244 3476 ad
1262 3424 1469 3494 perlectionem
1498 3427 1588 3498 (idcir.
1611 3428 1674 3500 mr).
1703 3429 1781 3488 Hinc
1809 3436 1851 3490 est

148 3515 178 3573 id
194 3519 239 3572 est
252 3514 390 3572 llcoleaia.
406 3513 479 3569 Nam
496 3514 521 3568 si
534 3512 604 3568 Deus
619 3528 668 3584 pra
686 3512 775 3583 nobis,
792 3514 852 3585 quis
873 3525 972 3569 cantra
1025 3523 1105 3581 erga,
1121 3511 1195 3580 quod
1213 3511 1427 3568 subdiaconum
1443 3513 1587 3588 legentem
1602 3516 1761 3589 epistolam
1778 3537 1850 3579 unus

148 3604 383 3671 northomme).
410 3600 460 3656 Sin
488 3605 586 3656 autem
616 3597 769 3671 paululum
799 3617 904 3656 manus
929 3616 971 3656 re·
1025 3597 1177 3670 acolythus
1188 3599 1356 3671 comitatur,
1367 3602 1599 3661 diaconumvcro
1610 3606 1849 3679 legentemersn·

149 3690 250 3761 mittit,
263 3691 291 3745 id
306 3695 352 3745 est
367 3689 402 3759 si,
416 3688 542 3760 peccatis
553 3688 971 3758 exigentibus,subtrsbitsu·
1025 3685 1145 3758 getium,
1158 3693 1219 3743 tam
1235 3689 1434 3747 subdiaconus
1457 3708 1544 3763 quam
1574 3693 1729 3768 acolythus
1760 3701 1847 3756 comi·

146 3777 249 3834 xilium
260 3782 289 3833 et
304 3776 452 3846 solatium,
468 3782 586 3847 superat
600 3774 748 3842 Amalech,
765 3776 792 3830 id
810 3782 854 3832 est
868 3778 970 3834 diebu·
1025 3779 1144 3843 tantur;
1162 3775 1231 3847 quia
1242 3778 1482 3848 pradicationem
1498 3781 1622 3839 loannis
1644 3785 1731 3855 pauci
1757 3790 1847 3845 secuti

147 3866 206 3922 lus.
223 3865 297 3932 Quia
311 3880 365 3920 noa
378 3868 418 3921 est
434 3865 560 3929 achatio,
581 3879 668 3933 neque
682 3867 829 3933 currentia,
849 3866 896 3920 secl
919 3866 969 3922 lici
1025 3868 1105 3931 sunt,
1122 3864 1173 3919 scd
1191 3866 1428 3936 praedicationem
1444 3869 1590 3943 Evangelii
1608 3872 1730 3945 plurimi
1753 3894 1850 3935 susce·

145 3954 466 4016 miserentiatliam.rx).
489 3951 563 4018 Quia
586 3967 654 4006 vero
681 3951 818 4008 christus
835 3955 970 4025 premisit
1024 3952 1232 4025 peruntUnde
1247 3954 1385 4030 discipuli
1414 3956 1554 4031 leguntur
1579 3960 1691 4020 dixisse
1720 3965 1849 4024 ioanni:

142 4019 290 4101 Ecclesia:
306 4044 373 4098 Ecce
400 4056 453 4114 epa
472 4039 611 4097 uobiscum
638 4055 699 4095 cum
722 4040 849 4097 amnibus
868 4042 967 4100 dicbus
1024 4041 1119 4109 Raiba,
1135 4042 1256 4117 quierat
1271 4052 1362 4101 tecum
1377 4049 1623 4117 transtordanem,
1646 4054 1696 4109 cui
1718 4062 1750 4110 ta
1775 4056 1852 4112 tecti.

145 4149 232 4207 usqae
254 4133 290 4189 aa
312 4132 581 4188 consummationem
608 4128 706 4186 caecati
727 4129 836 4200 (hatti.
853 4135 966 4203 nurui,
1022 4134 1147 4187 mercium
1156 4133 1333 4204 perhibuisti,
1350 4152 1408 4192 cccc
1424 4136 1468 4192 tric
1478 4137 1608 4209 duplicat,
1626 4148 1651 4197 et
1675 4157 1774 4200 amnes
1801 4159 1850 4201 ιιι.

145 4224 183 4280 ob
199 4223 253 4279 hec
266 4223 374 4287 Aaron,
391 4221 476 4276 idest
493 4234 577 4274 mens
593 4219 783 4288 tortitudinis,
800 4226 829 4276 et
853 4221 924 4292 llur,
936 4222 965 4278 id
1022 4223 1103 4277 aiant
1118 4221 1153 4277 aa
1167 4238 1230 4278 eum
1246 4224 1335 4294 (toan.
1352 4227 1405 4294 ru).
1424 4228 1456 4283 tlt
1470 4243 1538 4299 erpo
1552 4229 1680 4301 aequauit
1691 4233 1850 4308 iesus,qaia

144 4310 279 4383 estignis
295 4309 457 4376 charitati,
468 4310 637 4364 sustentant
652 4324 758 4364 manus
773 4309 966 4381 ipsius,utin
1021 4311 1160 4368 Pbarisoei
1187 4313 1355 4378 audierunt,
1384 4316 1454 4385 qaod
1481 4319 1558 4374 tasas
1579 4319 1676 4390 plures
1705 4323 1850 4394 dicipulos

145 4398 315 4456 tortitudine
330 4399 402 4453 terat
417 4394 569 4463 auxilium,
583 4401 654 4453 etex
664 4395 964 4472 charitatesolatium,
1019 4403 1122 4471 taceret
1136 4417 1221 4472 quam
1235 4403 1482 4476 taanncs,retiquit
1492 4402 1625 4478 tuciaeam,
1641 4414 1696 4467 ste.
1713 4412 1848 4484 (lom)

145 4503 183 4544 ne
198 4502 304 4542 munus
319 4485 383 4556 ejus
399 4483 548 4541 lassentur
574 4500 667 4555 usqne
678 4486 714 4540 ad
726 4484 796 4541 solis
818 4503 966 4557 occasum,
982 4476 1007 4543 D
1023 4489 1096 4555 Quia
1110 4505 1176 4545 vero
1189 4489 1317 4546 loannes
1333 4493 1389 4548 tuit
1404 4492 1490 4551 limes
1502 4495 1728 4567 precedentium
1742 4508 1772 4559 et
1782 4502 1848 4559 suh·

31 4622 34 4627 .
145 4577 175 4633 id
192 4579 339 4648 estusque
354 4574 391 4629 ad
408 4573 921 4645 trnemmundi.SiequeJoeueduee,
937 4576 967 4632 id
1023 4578 1220 4650 sequentium,
1240 4580 1606 4656 urediueinterapostalos
1627 4590 1658 4642 et
1688 4591 1848 4662 prophetas

145 4663 316 4721 estchrista
332 4663 452 4718 duetore
466 4660 554 4718 lsrael
572 4661 655 4732 lugat
668 4661 807 4718 Amalech
824 4669 853 4720 et
872 4681 966 4737 popu·
1021 4669 1101 4734 (nam
1117 4665 1162 4722 lex
1177 4671 1205 4722 at
1220 4669 1369 4739 propheta
1385 4687 1476 4741 usque
1490 4673 1526 4727 nd
1542 4673 1699 4745 loannem,
1716 4683 1797 4736 etex
1813 4695 1847 4737 eo

144 4748 968 4822 lumcjusidestEcclesinsuperatdiubolumsterer-
1022 4770 1144 4826 regnum
1160 4754 1657 4836 Deievangelizstur‚etomnisin
1688 4763 1766 4824 illud
1791 4767 1848 4826 rim

144 4841 236 4898 eitum
252 4842 419 4895 demonum
435 4837 465 4892 in
481 4853 531 4894 ore
540 4836 642 4910 gladii,
659 4838 687 4893 id
703 4842 748 4893 est
760 4855 810 4910 per
828 4841 966 4896 virtutem
1022 4843 1091 4898 tacit
1104 4843 1209 4911 (hatti.
1228 4845 1357 4917 11),idee
1372 4847 1498 4918 epistola
1513 4867 1566 4906 nee
1595 4869 1713 4925 semper
1740 4855 1850 4931 legitur

144 4928 296 4988 erationis.
307 4927 430 4984 Gladius
444 4926 521 4983 enim
533 4932 578 4983 est
589 4928 709 4983 verbum
729 4927 776 4982 Dei
789 4930 898 5001 (Epeos.
916 4928 967 5002 vr.)
1021 4932 1056 4987 da
1066 4932 1226 5004 prophetie,
1240 4950 1292 4989 nec
1303 4936 1621 5009 semperdeapostolis,
1632 4942 1683 4998 sad
1695 4944 1847 5004 interdum

145 5019 175 5076 Si
190 5017 258 5091 quie
273 5032 342 5089 ergo
356 5014 418 5071 vult
433 5013 575 5071 orationis
591 5015 698 5071 virtute
712 5031 851 5085 superare
864 5015 965 5072 diube·
1021 5023 1150 5077 sumitur
1163 5023 1199 5077 de
1216 5021 1310 5077 Veteri
1326 5022 1528 5093 Testamenta,
1541 5026 1691 5085 interdum
1707 5031 1746 5088 ds
1756 5033 1847 5091 Novo.

144 5106 314 5174 lum,debet
328 5103 441 5160 elevare
457 5119 573 5173 manue,
586 5103 615 5159 id
631 5107 676 5160 est
690 5109 774 5160 actus
796 5105 831 5159 ad
860 5104 964 5172 Deum,
1020 5109 1246 5177 OuiaJoannes,
1263 5111 1461 5180 eujusvocem
1490 5123 1679 5186 representat
1707 5122 1847 5193 epistola,

145 5194 451 5267 atejusconrersatio
480 5193 563 5249 sitin
593 5191 674 5247 coelis
702 5192 788 5264 (Pbit.
806 5193 859 5265 111).
885 5193 966 5251 Unde
1019 5199 1383 5270 sumentiquisprredixit
1405 5200 1555 5260 Christum
1579 5210 1760 5268 venturum:
1793 5212 1847 5283 Qui

144 5284 277 5340 qma.
292 5299 393 5338 manas
407 5281 521 5350 eripite,
546 5289 573 5337 et
590 5295 681 5352 penae
707 5281 812 5338 debitia
840 5285 965 5340 roborate
1018 5298 1131 5359 perime
1144 5286 1231 5353 verrit,
1247 5291 1311 5344 ante
1325 5304 1369 5344 me
1380 5294 1472 5361 tactas
1486 5296 1536 5362 eet,
1552 5297 1581 5350 et
1595 5310 1662 5351 eum
1689 5298 1844 5358 modernis

145 5372 210 5444 (lea.
223 5375 318 5440 xxxv).
331 5371 404 5427 Num
432 5368 548 5426 etevatia
574 5385 709 5425 meacm
730 5374 769 5425 est
795 5371 963 5442 sacrificium
1018 5377 1166 5434 Christum
1181 5375 1310 5432 ostendit
1324 5382 1496 5450 presentem
1514 5395 1521 5436 ι
1537 5382 1605 5440 Ecce
1618 5384 1712 5454 ianas
1720 5386 1784 5459 Dei,
1795 5388 1846 5463 qai

145 5457 328 5530 „misnam
344 5460 429 5528 (psat.
446 5458 499 5526 ιι),
515 5457 594 5513 Bona
608 5461 653 5514 est
668 5457 760 5515 oratio
775 5461 963 5531 cumjejunio
1017 5465 1090 5523 tattit
1102 5468 1213 5536 peccam
1226 5465 1335 5521 manci.
1360 5467 1491 5539 Epistola
1514 5485 1581 5528 vero
1603 5471 1710 5547 areos,
1739 5476 1844 5536 Latius

144 5551 174 5611 at
186 5544 372 5621 eleemosyna
386 5547 445 5623 (tat
462 5545 605 5622 miltites
630 5552 729 5607 autem
751 5548 813 5605 sine
836 5551 963 5622 aperitur
1013 5553 1192 5632 rapcnniceia
1205 5553 1250 5613 cel
1263 5556 1456 5632 superrapatic
1483 5566 1681 5638 nuuoupatur,
1695 5568 1779 5639 quod
1790 5584 1844 5629 na·
