3804 5992
147 256 205 320 ,915
473 248 476 257 '
801 244 1010 302 tricoccum
1026 249 1066 303 m
1084 248 1197 305 PAPB.
1812 241 1860 301 Old

147 379 347 456 prolatorum.
359 371 656 440 Quiaverocanonem
665 365 764 425 missa
774 365 971 441 particulatim
984 365 1013 435 A
1026 365 1142 440 plenior
1155 374 1250 443 pateat
1265 367 1443 443 intellectas,
1465 371 1561 431 totum
1589 367 1735 428 continue
1761 367 1861 427 amni

149 466 328 543 expunctae
338 462 408 538 quid
419 459 554 518 additum
568 457 613 515 vel
622 457 807 515 subtractum
816 471 867 514 sen
878 461 977 514 uana·
1030 457 1287 520 subscribendum.

151 557 280 633 positum
294 553 442 623 rideatur,
458 555 491 607 ut
504 548 672 623 legentibus
682 543 778 621 ipsius
787 545 977 620 expositionis

703 727 794 787 Finito
809 727 890 802 titre,
905 730 944 788 cit
958 729 1021 787 tace
1034 736 1061 789 ct
1075 730 1168 801 otcra‘c
1183 728 1306 788 Christo.

666 1063 1034 1163 INNOGENTII
1068 1064 1136 1160 ΙΙΙ
1170 1064 1345 1163 PAPAE

332 1276 379 1335 DE
394 1275 607 1335 BEATISSIMA
627 1274 779 1334 VIRGINE
796 1273 912 1333 nacla
930 1274 978 1341 ut
998 1274 1092 1334 utino
1110 1275 1197 1334 litus
1215 1275 1299 1335 luet]
1317 1275 1473 1336 enniano
1491 1273 1684 1336 cucculum

991 1449 1025 1469 F-

191 1592 280 1667 Virgc
295 1591 344 1650 nei
358 1590 484 1667 genitrix
497 1591 580 1667 virga
593 1594 648 1662 est,
660 1590 714 1649 tloe
727 1588 808 1648 tilius
818 1591 894 1664 ejna.
906 1589 978 1648 Pra·
991 1594 1017 1663 Β
1031 1591 1110 1650 enim
1122 1591 1235 1666 tenuta,
1248 1597 1331 1652 tener
1346 1595 1375 1650 et
1392 1590 1477 1662 lavia,
1497 1591 1573 1651 lenia
1597 1594 1629 1650 et
1652 1589 1792 1666 pulcher,
1813 1589 1863 1649 da·

159 1697 245 1741 cumo
261 1698 363 1756 pauca,
378 1685 407 1738 ct
417 1697 510 1754 pauca
523 1680 606 1755 loqui
620 1682 657 1738 de
667 1680 782 1754 virgine
795 1679 888 1754 virga,
903 1683 932 1738 st
945 1681 979 1738 ti-
1031 1697 1121 1757 grana
1137 1686 1166 1740 ct
1181 1682 1273 1740 utilia.
1285 1681 1361 1748 Ouid
1377 1681 1455 1739 anim
1471 1680 1541 1739 licre
1568 1679 1627 1739 teto
1650 1680 1779 1739 tenuius
1800 1697 1859 1739 can

27 1786 30 1793 ·
157 1773 197 1830 llo
207 1773 287 1830 tiore.
299 1769 655 1829 Miratlcriseummitaeet
669 1769 877 1844 inattingibilia
894 1769 980 1844 virga
1031 1771 1216 1847 astringitur,
1224 1771 1295 1846 quid
1301 1771 1432 1829 tenerius
1442 1786 1508 1829 cum
1520 1770 1668 1841 atteritur,
1681 1769 1758 1843 quid
1771 1768 1859 1828 lenius

158 1861 329 1937 proceritas.
345 1867 411 1920 Hac
426 1864 470 1919 cet
484 1860 566 1936 virga
580 1864 670 1929 recta,
683 1859 766 1932 uirga
780 1863 886 1928 erecta,
911 1876 979 1932 pro·
1031 1877 1100 1920 cnm
1116 1865 1263 1933 attrectat,
1277 1860 1347 1936 quid
1361 1859 1454 1919 lerina
1469 1876 1535 1919 cum
1552 1862 1702 1934 portatur,
1713 1859 1786 1935 quid
1797 1874 1855 1934 epe·

157 1951 365 2026 cera,lragilia,
373 1949 502 2025 gracilia,
512 1949 659 2017 flexibilis,
673 1949 821 2020 frondosa,
833 1948 978 2023 tlorigare,
1031 1950 1223 2009 cinciusoum
1239 1949 1381 2025 aspicitur
1395 1949 1466 2024 qnid
1481 1949 1656 2025 flagrantius
1670 1965 1743 2006 curn
1758 1948 1853 2006 adora·
1901 1968 1902 1995 t

157 2039 317 2098 fructifera.
334 2040 423 2098 Recta
437 2057 490 2115 per
499 2040 662 2114 justitiam,
678 2042 774 2096 erecta
788 2054 840 2112 per
854 2038 980 2096 devotio·
1031 2043 1090 2112 tur,
1106 2039 1176 2113 quid
1188 2038 1365 2097 utiliuacum
1374 2039 1495 2096 adactus
1506 2038 1671 2096 attenditur
1680 2038 1766 2113 (Prot
1774 2037 1853 2112 mr).

155 2145 234 2188 nem.
251 2145 370 2204 procera
384 2146 436 2204 per
448 2128 715 2202 longanimitatem,
730 2127 841 2202 tragilie
856 2145 908 2201 par
927 2127 979 2184 ab·
1029 2128 1251 2204 Filinevirginia
1261 2133 1291 2186 et
1299 2128 1355 2188 llos
1364 2129 1463 2186 tenuis
1474 2128 1509 2187 ad
1517 2127 1769 2203 tndignaticnem,
1780 2133 1857 2185 tener

38 2232 41 2241 ·
76 2222 77 2227 ’
150 2219 311 2292 tectionem
327 2216 517 2293 eui,graoilia
533 2234 585 2292 per
611 2217 820 2288 humilitatem,
843 2215 979 2274 flexibilis
1029 2218 1067 2278 ad
1083 2218 1316 2288 miserationem,
1331 2217 1408 2276 lenis
1423 2235 1476 2292 per
1493 2216 1772 2293 mansuetudinem,
1791 2216 1855 2275 levia

38 2338 40 2343 ·
153 2323 206 2382 per
220 2307 489 2377 mansuetudinem,
519 2308 656 2366 troncoso
684 2323 736 2380 par
759 2305 977 2365 sanctissimam
1030 2307 1243 2381 dominatione,
1259 2308 1382 2382 pulcher
1396 2307 1857 2382 moderatioracagranareprc·

152 2397 415 2469 conversationem,
431 2395 650 2472 illorigeraiper
672 2395 846 2471 virginalem
875 2411 978 2453 conce·
1031 2397 1183 2465 missione,
1197 2397 1281 2456 utilis
1294 2395 1541 2455 remuneratione.
1557 2396 1688 2470 detergo
1700 2396 1802 2454 tenuis
1812 2396 1857 2454 da·

152 2485 297 2560 ptionem,
312 2502 365 2560 per
378 2490 497 2560 partum
512 2485 577 2543 vita
586 2489 699 2544 aterna
711 2484 874 2544 fructifera.
889 2488 979 2543 Recta
1029 2485 1127 2561 gellis,
1142 2490 1224 2545 tener
1238 2486 1460 2559 misericordiis,
1476 2485 1552 2545 lenia
1566 2485 1597 2544 in
1613 2485 1713 2558 donia,
1736 2484 1813 2544 lavia
1830 2485 1856 2543 in

18 2580 23 2589 “
151 2589 205 2649 per
217 2575 319 2644 fldem,
335 2580 433 2634 erecta
447 2590 600 2651 perspem,
614 2591 733 2650 procera
742 2590 793 2648 per
803 2573 977 2633 charitatem
1029 2576 1191 2651 preceptis,
1207 2575 1329 2649 pulcher
1350 2575 1505 2651 exemplis,
1532 2575 1662 2651 llagrana
1693 2573 1855 2649 promiscis,

151 2662 265 2738 fragilia
281 2681 333 2736 per
354 2664 508 2739 pudorem,
537 2663 656 2739 gracilia
683 2678 735 2739 per
760 2663 977 2737 despectionem
1029 2666 1200 2725 fructuosae
1214 2666 1246 2723 in
1260 2665 1400 2740 praemiis.
1411 2665 1463 2723 llic
1477 2665 1531 2724 flos
1539 2666 1634 2723 iactae
1644 2663 1791 2723 ostnobia
1801 2680 1856 2723 mc·

151 2752 267 2825 mandi,
284 2752 431 2811 sslexibilie
446 2770 498 2828 per
512 2752 746 2826 compassionem
754 2751 889 2827 proximi,
898 2752 977 2809 lrcn·
1029 2755 1138 2824 dicina,
1153 2754 1184 2812 in
1199 2754 1264 2828 ipso
1275 2760 1363 2829 pctca
1377 2759 1407 2814 ct
1420 2770 1498 2825 esca,
1524 2768 1559 2813 ex
1586 2770 1621 2812 ac
1635 2753 1695 2812 mal
1723 2756 1756 2811 et
1783 2769 1855 2812 cera.

152 2842 227 2900 dosa
239 2858 291 2915 per
304 2844 448 2901 bonorum
465 2858 587 2916 operum
603 2842 831 2912 exsecutionem,
842 2842 978 2916 llorigera
1029 2843 1173 2902 Medicina
1186 2843 1217 2900 ic
1234 2844 1445 2917 redemptione,
1462 2847 1548 2918 potas
1559 2841 1856 2917 etcscainjnatitica·

151 2944 204 3004 per
218 2930 342 3004 gloriam
353 2931 542 3006 virginitatis,
558 2931 708 2989 tructttera
730 2948 781 3003 per
808 2931 976 3005 prarogcti·
1030 2933 1120 3003 tione,
1137 2932 1195 2991 mel
1205 2936 1234 2990 et
1242 2931 1348 2992 cerain
1359 2933 1582 3007 glorificatione.
1596 2933 1701 2991 Bxhac
1711 2930 1856 2991 medicina

150 3020 974 3094 vamiecunditatis.ltirandafecunditatisprearogativa,
1031 3022 1212 3097 sempiterna
1226 3022 1338 3080 sanitas
1348 3021 1587 3098 incorruptionis,
1598 3038 1632 3080 ex
1641 3021 1699 3080 hac
1710 3022 1855 3081 medicina

69 3144 72 3149 ,
150 3108 231 3181 qnod
241 3108 311 3166 tatia
323 3109 424 3172 talem.
440 3110 539 3167 taliter
552 3111 664 3184 genuit.
681 3110 805 3168 Gracilis
815 3111 896 3184 virgo
907 3115 976 3168 ante
1028 3128 1096 3172 esca
1111 3111 1278 3170 relectionis
1292 3113 1413 3169 interna
1428 3112 1586 3181 satietatis,
1599 3110 1701 3170 exhao
1712 3110 1855 3170 caedicina

150 3199 280 3270 partum,
296 3202 325 3254 et
339 3199 420 3272 virgo
431 3203 497 3272 poet
510 3203 639 3273 partam.
655 3198 794 3272 Qualiter,
810 3199 914 3273 angelo
925 3216 976 3256 an·
1029 3207 1117 3277 potua
1131 3201 1281 3260 ebrietatis
1295 3201 1469 3275 spiritualis,
1481 3206 1595 3259 aterne
1607 3200 1855 3270 secunditatis,de

46 3328 49 3333 -
150 3286 316 3357 nuntiante,
333 3287 445 3361 Spiritu
459 3292 561 3345 sancto
576 3293 724 3361 operante,
748 3287 856 3344 virtute
883 3287 975 3345 altis·
1028 3288 1855 3364 illiusoeraaplendcraummaclaritatis,insjuamelle

150 3373 219 3432 simi
235 3376 431 3434 obumbrante
444 3378 518 3450 (dac.
536 3378 567 3452 ι).
584 3377 717 3448 Qualem,
741 3378 881 3436 Sanctum
904 3394 975 3435 ean·
1029 3378 1474 3454 dulcedcperpetuafelicitatis.
1489 3377 1855 3438 Flceestncbischriatna

150 3468 278 3538 ctornm,
292 3467 413 3524 unicum
430 3467 535 3524 matria
553 3466 688 3541 virginis,
714 3466 899 3540 unigenitum
923 3467 974 3525 Del
1028 3469 1059 3528 in
1073 3469 1270 3539 humanitate,
1285 3469 1400 3526 fructus
1413 3466 1630 3526 indivinitate:
1645 3468 1702 3526 tlcs
1716 3466 1855 3537 interris,

147 3553 254 3625 Patris,
267 3561 358 3613 Deam
370 3561 399 3614 et
409 3556 566 3615 Dominum
578 3557 753 3631 majestatis.
765 3557 787 3615 0
800 3557 975 3630 quambene
1028 3559 1142 3617 tructus
1156 3559 1186 3616 ln
1197 3557 1297 3628 cmlia3
1314 3556 1368 3615 tlcs
1382 3557 1413 3615 in
1441 3557 1655 3632 redemptione,
1684 3557 1806 3615 tructus
1828 3556 1854 3613 in

147 3656 238 3716 qaam
255 3649 334 3702 recte
349 3644 402 3703 llos
417 3645 536 3716 dicitur,
549 3662 657 3720 queen
671 3645 898 3721 virginalivirga
909 3662 975 3719 per·
1028 3647 1251 3722 glorificatione.
1267 3648 1360 3716 Quem
1375 3648 1439 3723 ipae
1453 3646 1540 3708 nobis
1564 3646 1674 3721 largire
1704 3647 1854 3722 dignetur.

149 3731 278 3804 ducitur,
292 3733 324 3791 in
340 3750 398 3807 qno
413 3750 529 3809 semper
544 3739 614 3792 sunt
642 3752 707 3809 quae
736 3734 898 3793 miramur!
923 3737 975 3793 ilat
1027 3738 1132 3796 Amen.

663 4076 1030 4175 INNOCENTII
1064 4078 1133 4175 III
1167 4077 1343 4174 PAPAE

352 4285 401 4343 ult
417 4285 501 4345 vlla
518 4285 566 4344 ill
585 4285 754 4344 aase1cltlt
772 4285 897 4345 oduini
917 4284 1045 4344 noster
1065 4284 1151 4344 lusu
1165 4284 1319 4360 cramail,
1338 4284 1544 4346 citationes
1557 4285 1648 4346 TRES

878 4462 1098 4506 amoenissima:
1110 4464 1119 4505 i

269 4605 327 4676 Qui
342 4605 476 4671 contrite
490 4610 523 4672 et
536 4608 648 4673 devote
661 4626 715 4673 aaa
729 4608 906 4691 legentibus
921 4608 1075 4692 plurimas
1099 4608 1232 4673 contulit
1247 4607 1446 4673 remissiones
1461 4612 1493 4673 et
1506 4607 1738 4691 indulgentiae.

474 4961 606 5020 ORATIO
621 4965 643 5020 l.
986 4961 1198 5037 njudicari,at
1209 4965 1242 5021 ut
1251 4977 1346 5038 agana
1357 4959 1501 5021 innocens
1510 4965 1593 5021 taam
1603 4975 1724 5023 ornem
1737 4964 1859 5026 terenda

181 5050 527 5123 contremescamus,
543 5050 597 5107 Fili
612 5049 665 5109 ilci
680 5050 749 5123 aivi,
774 5052 826 5126 qui
851 5069 903 5126 pro
927 5069 972 5111 rc·
1027 5053 1062 5110 ad
1078 5052 1228 5111 victimam
1239 5050 1319 5118 dcci,
1334 5050 1425 5109 clavia
1440 5051 1592 5126 perforari,
1617 5050 1686 5110 icllc
1713 5058 1748 5112 et
1778 5059 1858 5115 aceto

144 5144 314 5218 demptione
329 5146 431 5200 nostra
445 5143 539 5214 nasci,
551 5147 580 5200 et
590 5142 761 5201 circumcidi
772 5144 903 5216 voluisti,
914 5149 971 5202 eta
1024 5141 1131 5217 potari,
1147 5146 1235 5216 atque
1249 5141 1281 5199 ln
1296 5157 1382 5199 cruce
1394 5145 1489 5200 morte
1510 5141 1686 5216 turpissima
1711 5146 1858 5204 condem·

143 5232 255 5292 iudeis
266 5231 426 5307 reprobari,
442 5231 548 5290 eluda
570 5234 670 5291 osculo
692 5233 779 5306 tradi,
794 5233 858 5306 capi
883 5237 912 5291 at
935 5232 971 5290 li·
1024 5231 1099 5301 nari,
1113 5246 1147 5288 ac
1162 5231 1263 5289 lancea
1280 5229 1495 5289 vulneratio
1511 5231 1858 5306 pcrhaaeacratisairnna

146 5322 220 5395 gart,
231 5328 260 5380 et
270 5339 335 5380 cam
353 5321 479 5380 vinculis
494 5324 593 5393 tnnc,
608 5322 862 5397 Caiphc,llercdi,
877 5320 970 5382 Pilato
1024 5338 1126 5397 ponas
1142 5320 1179 5378 ab
1192 5319 1332 5378 omnibus
1348 5320 1514 5394 peccatiset
1524 5320 1620 5394 ponta
1633 5337 1690 5380 noe
1703 5321 1817 5396 libera,
1829 5328 1858 5383 at

146 5411 253 5481 otlarri,
269 5417 298 5470 ct
312 5428 410 5470 eoram
425 5411 468 5470 eie
482 5410 730 5484 lllcdi,oclaphia,
742 5412 836 5486 alapia
846 5413 970 5487 flagellis
1023 5428 1075 5487 per
1090 5414 1225 5469 sanctam
1240 5424 1357 5467 cracem
1367 5414 1449 5466 tuam
1460 5408 1531 5469 illuc
1541 5410 1652 5485 perduc
1662 5428 1722 5471 nos
1732 5415 1859 5475 miseros

42 5548 45 5553 ,
145 5501 430 5572 etarundinecaadi,
445 5501 519 5559 lucie
548 5499 648 5572 velam,
664 5504 693 5559 et
715 5505 803 5575 sputo
832 5504 968 5577 conspui,
1022 5504 1199 5576 peccatores,
1214 5514 1273 5574 qno
1288 5498 1452 5571 perduxisti
1467 5501 1563 5558 tecam
1579 5499 1857 5566 muclttxnmlatce·

145 5589 240 5665 apicis
254 5590 398 5664 coronari,
412 5607 432 5650 a
445 5590 528 5651 talaia
543 5605 661 5666 qaoque
685 5591 810 5653 testibus
825 5593 968 5664 accusari,
1022 5605 1091 5650 uena
1105 5605 1171 5650 acro
1185 5586 1379 5664 penitentem
1394 5586 1450 5661 Qut
1460 5587 1543 5664 virtu,
1554 5595 1610 5650 stc.
