3796 5986
58 102 111 158 493
492 106 616 162 SERMO
635 107 670 169 X,
691 106 727 159 ΙΝ
747 104 859 160 uitato
875 104 1139 161 CONVERSIONIS
1157 111 1192 162 D.
1214 110 1332 166 PAULI.
1713 116 1765 172 494

56 227 187 283 invicem
203 225 405 282 misericordia
419 227 583 298 etjustitia,
599 233 628 283 et
642 227 810 282 videbimus
826 244 884 282 ma·
899 236 925 302 Α
940 229 975 283 ad
992 246 1056 299 nos,
1074 233 1103 286 et
1118 248 1171 286 nos
1188 236 1395 289 convertamur
1410 234 1565 306 adipsum.
1579 240 1617 294 ut
1636 254 1690 295 nos
1701 242 1765 297 tra·

55 317 176 385 niteste,
191 316 261 388 qaia
272 316 388 387 justum
403 319 458 383 est,
475 320 507 373 ut
523 318 598 372 Deus
621 320 731 387 parcat,
760 332 817 371 non
838 320 882 371 ta·
940 317 991 373 hat
1006 319 1041 374 de
1057 319 1202 391 protunda
1219 322 1411 391 contusionis,
1428 340 1492 396 qua
1521 324 1592 381 latet
1618 326 1648 382 io
1678 329 1766 386 corde

59 422 128 462 men
145 408 226 477 pium
248 410 305 476 est,
320 410 353 461 ut
367 405 444 462 Deus
455 407 697 478 puniattustum
710 405 884 477 estquidam
940 424 992 480 per
1005 425 1123 479 pravam
1140 410 1357 482 cogitationem,
1379 430 1442 486 quaa
1470 418 1548 486 patet
1577 415 1607 471 in
1637 433 1685 473 ore
1713 433 1765 490 per

58 501 92 551 ut
108 499 222 568 parcat,
239 495 310 567 quia
324 512 382 550 non
398 499 568 567 potestesse
583 501 672 567 Deus,
688 495 758 566 quin
774 495 814 551 sit
829 494 885 549 mi·
940 496 1073 569 iniquam
1088 498 1275 569 locutionem,
1289 517 1354 573 quas
1369 502 1482 559 vatetin
1495 520 1581 575 opera
1592 522 1643 576 per
1654 506 1763 563 malam

54 584 196 651 sericors,
210 585 269 640 imo
284 584 423 640 divinitas
437 584 502 658 ipss
521 590 566 642 est
595 585 815 652 misericordia3
833 584 884 639 sed
939 586 1195 644 consuetudinem.
1213 588 1271 644 Hoc
1286 596 1341 655 est,
1358 595 1391 646 ut
1401 592 1566 662 lresuscitet
1591 593 1718 665 puellam
1733 595 1763 650 in

54 673 401 745 neapotestessstteus,
424 675 495 746 quin
524 674 561 730 sit
589 674 652 747 ipse
677 675 791 746 justus,
817 689 884 729 cum
939 675 1038 746 domo,
1049 677 1188 748 juvenem
1215 681 1295 734 extra
1318 684 1444 752 portam,
1474 683 1706 753 quatriduanum
1733 684 1764 740 in

55 763 154 818 deitas
169 763 210 819 sit
221 763 285 835 ipsa
296 763 432 834 justitia,
449 780 517 837 ergo
533 764 607 820 ratio
623 763 739 820 deitatis
755 763 810 819 troo
824 761 883 818 exi·
939 772 1131 823 monumento
1147 784 1199 839 par
1226 767 1364 840 spiritum
1389 770 1520 840 timoris;
1547 772 1617 844 quia
1646 793 1660 823 a
1675 773 1765 829 timor

57 852 113 924 git,
130 856 165 908 ut
180 851 332 924 ipssidem
347 855 376 908 et
404 858 505 926 parcat
520 867 571 927 per
583 851 825 923 misericordiam,
857 855 886 907 et
939 854 1054 910 Domini
1068 856 1187 928 expetiit
1202 862 1354 929 peccatum
1369 860 1463 927 (tacti.
1480 859 1510 931 1),
1529 882 1543 909 n
1559 860 1674 917 dicente
1696 878 1764 934 pra·

54 941 161 1014 puniat
174 957 226 1013 par
237 941 396 1012 justitiam.
413 941 598 999 Nihitautam
614 949 658 998 est
677 943 806 1012 iustum,
826 941 885 997 nisi
939 942 1314 1015 phetatrstimoretuo,
1346 949 1475 1016 Domine,
1506 950 1705 1021 concepimus,
1736 953 1765 1006 et

53 1030 134 1102 quud
151 1029 242 1102 exigit
257 1030 331 1086 ratio
343 1047 351 1101 3
363 1031 480 1102 justum
496 1036 541 1087 set
557 1030 658 1104 igitur,
681 1036 715 1086 ut
743 1038 842 1103 parcat
858 1034 886 1087 et
940 1034 1107 1106 peperimus
1123 1036 1261 1107 spiritum
1278 1036 1383 1093 salutis
1398 1038 1461 1109 (iso.
1477 1042 1565 1108 xxvi).
1592 1041 1664 1096 Cum
1684 1039 1764 1097 enim

53 1119 172 1193 puniat.
190 1119 259 1184 Quis
273 1135 343 1192 ergo
356 1119 490 1191 desperet
515 1120 551 1176 de
577 1119 788 1191 misericordia,
817 1135 885 1175 oum
939 1128 1074 1193 peccator
1086 1124 1188 1197 incipit
1203 1126 1233 1181 in
1245 1140 1276 1182 sa
1287 1126 1416 1198 cogitare
1429 1127 1677 1200 magnitudinem,
1689 1127 1765 1186 mut-

54 1225 140 1282 spem
152 1208 496 1282 adJ‘uvetipsajustitia‘t
514 1208 637 1265 iustitia
664 1212 764 1265 tamen
789 1207 887 1264 divina
939 1212 1107 1280 titudinem,
1124 1217 1151 1269 et
1166 1213 1380 1286 turpitudinem
1391 1221 1589 1287 peccatorum,
1601 1221 1630 1274 et
1641 1217 1767 1275 attendit
1857 1276 1860 1281 ,

56 1297 259 1366 sotummodo,
277 1298 487 1355 nonhumsna.
500 1297 573 1364 Quia
589 1319 604 1349 «
618 1301 781 1355 statuentes
799 1314 884 1354 suam
940 1301 1078 1373 injudics
1094 1303 1264 1374 potentiam,
1289 1320 1377 1375 quam
1408 1321 1466 1361 nou
1495 1309 1591 1378 potest
1619 1306 1764 1379 effuger03

52 1387 217 1459 justitiam,
229 1387 352 1458 justitia
370 1386 474 1442 divina
490 1403 548 1443 non
568 1387 776 1458 suntsubjacti
797 1388 884 1458 (dom.
940 1391 1113 1462 sapientiam
1127 1408 1215 1465 quam
1233 1409 1290 1449 non
1307 1398 1403 1466 potest
1429 1393 1538 1462 taters;
1568 1399 1597 1450 et
1618 1394 1768 1465 Justitiam

55 1477 94 1547 a).
109 1498 125 1528 »
141 1478 227 1534 Neine
242 1475 576 1548 armamentarium,
592 1475 649 1532 aiei
663 1481 751 1532 Pater
768 1475 887 1532 traxerit
940 1496 1095 1553 quamnorr
1107 1486 1204 1553 potest
1214 1499 1401 1555 corrumpere
1413 1500 1420 1539 :
1434 1484 1593 1555 videtquae,
1606 1488 1635 1541 et
1645 1487 1766 1557 quanta,

54 1583 130 1623 eam.
144 1565 286 1632 Quamvis
298 1565 426 1622 indivisa
442 1565 502 1621 sint
527 1580 616 1638 opera
634 1565 796 1636 Trinitatis,
807 1565 885 1623 Patri
940 1573 969 1625 et
983 1568 1079 1641 qualis
1095 1587 1180 1642 prena
1197 1576 1364 1642 peccatores
1380 1576 1498 1628 maneat
1512 1573 1541 1628 in
1553 1573 1698 1645 gehenna,
1710 1578 1767 1630 sta·

55 1663 155 1712 tamen
167 1654 355 1722 attribuitur,
372 1655 449 1726 quod
465 1659 510 1711 eet
524 1655 620 1711 tribus
634 1671 801 1723 commune,
817 1671 886 1727 pro·
941 1657 994 1714 tim
1011 1658 1193 1732 obstupescit
1207 1665 1236 1715 et
1250 1661 1346 1730 timet,
1368 1660 1535 1734 concipiens
1564 1662 1766 1735 compunctio·
1868 1696 1872 1707 ι

55 1751 122 1817 pter
138 1745 345 1800 auctoritatem
362 1743 577 1816 principalem;
607 1744 651 1800 vel
682 1743 791 1815 potius,
816 1744 887 1816 quis
942 1748 1767 1821 nemincorda,parienscontessioneminore‚nutriens
1863 1778 1869 1787 ·

56 1850 126 1891 cum
141 1833 173 1890 in
189 1834 332 1890 trinitate
345 1832 615 1925 Patritattribuitur
644 1835 784 1905 potentis,
813 1832 886 1889 Filio
942 1837 1173 1894 satisfactionem
1191 1838 1219 1894 in
1237 1854 1333 1911 opere,
1351 1844 1383 1894 ut
1396 1841 1457 1910 jam
1474 1839 1570 1895 dicere
1585 1838 1768 1896 valeat:«A

58 1923 206 1995 sapentia,
221 1922 340 1994 Spiritui
369 1926 470 1978 sancto
499 1921 679 1995 benignitas,
708 1926 784 1977 recte
808 1920 886 1977 Patri
942 1926 1047 1982 timore
1062 1927 1475 2000 tuo,Domins,conoepiurus,
1488 1932 1516 1984 et
1527 1929 1696 2000 peperimus
1707 1927 1767 2002 epi·

57 2013 271 2086 appropriatur
287 2012 430 2084 quidquid
454 2011 579 2084 pertinet
605 2012 640 2068 ad
665 2011 837 2084 potentiam.
853 2014 888 2066 st
942 2015 1030 2071 ritum
1048 2015 1163 2072 salutis.
1178 2037 1191 2065 r
1206 2016 1311 2088 Sicque
1328 2016 1455 2072 trahitur
1469 2017 1505 2072 ad
1530 2017 1666 2073 semitam
1691 2017 1769 2073 veri·
1881 2058 1887 2069 .

57 2107 135 2158 certe
143 2100 355 2158 nihildivinam
363 2101 525 2174 potentiam
535 2100 699 2157 evidentius
707 2101 887 2169 manifestat,
943 2105 1024 2171 tatis,
1040 2121 1092 2177 par
1107 2106 1276 2163 vitationem
1293 2105 1518 2178 prohibitorum,
1542 2122 1593 2176 por
1607 2106 1768 2162 exsecutio·

58 2208 149 2266 quam
161 2191 325 2263 justificare
341 2190 549 2263 impium,hoc
563 2195 607 2247 est
619 2190 734 2246 trahere
754 2198 886 2263 peccatu·
943 2210 1009 2249 nem
1026 2194 1292 2261 mandatorum,et
1313 2194 1600 2266 supererogationem
1631 2193 1768 2251 consilia-

56 2279 887 2354 rem3juxtaqu0dtegitur:QuiaDeusomnipotantiam
943 2283 1123 2338 rumtutin
1153 2282 1249 2354 primo
1278 2283 1373 2354 gradu
1399 2283 1435 2337 de
1465 2280 1542 2338 mato
1566 2281 1702 2338 trahatur
1729 2284 1766 2340 sd
1880 2334 1886 2345 ,

57 2388 144 2429 suam
159 2370 307 2444 parcendo
323 2369 488 2425 maximeet
513 2368 683 2425 miserando
707 2369 887 2424 manifestat·
942 2371 1064 2442 bonum,
1079 2371 1110 2426 in
1126 2371 1254 2427 secundo
1269 2371 1362 2443 gradu
1375 2371 1410 2426 da
1424 2369 1501 2425 bono
1517 2370 1697 2428 trahaturad
1709 2386 1769 2429 me·

58 2462 156 2533 uajns
167 2459 299 2517 estenim
312 2459 485 2530 justificare,
502 2475 591 2530 quam
611 2460 651 2514 sit
674 2473 792 2529 crears3
820 2474 887 2514 cum
942 2461 1010 2532 lius,
1025 2461 1055 2516 in
1082 2460 1167 2516 tertio
1182 2460 1275 2533 gradu
1291 2461 1327 2516 de
1343 2458 1457 2516 meliori
1487 2458 1621 2516 trahatur
1635 2460 1671 2516 sd
1691 2459 1768 2533 opti·

57 2550 418 2618 creandodeturnatura,
431 2547 706 2620 justificandovero
736 2547 889 2604 auferatur
943 2566 1036 2606 mum.
1054 2549 1135 2615 Quod
1152 2548 1289 2621 precibus
1304 2552 1333 2605 et
1355 2548 1469 2604 meritis
1493 2547 1656 2605 beatissimi
1686 2548 1767 2605 Pauli

58 2640 160 2713 culpa,
178 2643 208 2697 et
221 2639 314 2711 gratis
328 2639 506 2695 conteratur.
688 2626 692 2633 ’
943 2639 1059 2695 vobiset
1073 2637 1450 2694 nottaaoncedatuomtnus
1461 2636 1548 2693 tesus
1558 2636 1704 2705 Christus,
1715 2637 1767 2710 qni

93 2730 180 2796 Ecce,
197 2729 301 2785 tratres
316 2731 345 2784 et
359 2727 422 2796 sitii,
438 2725 623 2799 propositum
645 2729 689 2783 est
713 2726 798 2783 uobis
823 2741 889 2799 spe·
944 2733 989 2785 est
1002 2727 1201 2800 superomnia
1211 2732 1287 2784 Deus
1299 2726 1470 2783 benedictus
1483 2726 1513 2782 in
1523 2727 1631 2783 saecuta
1646 2725 1769 2784 seculo·
1831 2727 1835 2733 '

59 2818 164 2876 culum
181 2817 259 2890 quod
275 2816 426 2886 miremur,
443 2817 626 2888 propositum
642 2820 686 2871 est
710 2815 888 2888 exemptum,
944 2834 1022 2874 rum.
1039 2822 1144 2874 Amen.

60 2909 142 2981 quod
158 2906 312 2964 imitemur
325 2907 361 2964 ad
377 2905 547 2971 Dominum,
579 2909 610 2961 ut
624 2904 688 2978 ipss
703 2908 889 2962 convertatur

808 3211 957 3280 SERMO
977 3212 1020 3278 X.

766 3369 803 3430 IN
820 3370 942 3429 EODEM
957 3371 1067 3427 FESTO

314 3529 356 3582 De
369 3528 460 3582 morte
472 3524 597 3597 triptici:
612 3523 646 3580 de
659 3525 860 3582 rerurrectione
874 3523 1000 3598 triptici:
1019 3522 1052 3579 de
1066 3521 1123 3579 vitu
1137 3520 1256 3594 triptici,
1271 3523 1296 3578 et
1310 3519 1451 3577 vetustate
1465 3518 1517 3576 Dei

95 3828 167 3885 Noto
194 3835 310 3884 mortem
343 3826 514 3899 peccatoris,
541 3825 587 3882 sed
613 3834 644 3883 at
669 3831 843 3884 convertatur
866 3829 929 3897 etc
949 3825 1058 3897 queris.
1077 3826 1188 3880 iturum
1203 3822 1314 3880 esttibi
1331 3819 1772 3878 contrastimnlumcalcitrare.

59 3918 139 3974 uiuat
151 3917 262 3989 (saca.
279 3917 357 3988 xxx).
948 3916 981 3970 Et
996 3919 1125 3970 tremens
1138 3930 1171 3969 ao
1185 3919 1308 3985 stupens
1324 3910 1416 3967 dixit:
1433 3909 1565 3975 Domine,
1583 3909 1655 3980 quid
1672 3908 1774 3965 mavis
1887 3956 1891 3961 .

98 4007 197 4079 Hujus
212 4006 363 4062 sententias
381 4006 569 4063 manifestum
584 4004 751 4078 exemplum
769 4005 798 4060 in
823 4022 892 4061 con·
948 4002 1171 4074 tacere?(itid.)
1187 4025 1201 4054 »
1215 4003 1288 4057 itanc
1303 3999 1453 4056 conversio
1469 3999 1659 4071 poenitentira,
1683 4012 1772 4069 quam
1862 4044 1865 4049 .

61 4096 241 4154 versiones.
272 4095 355 4152 Pauli
386 4096 471 4152 nobis
496 4095 642 4151 Dominus
671 4094 892 4150 demonstravit.
948 4086 1776 4161 Dominustecit.«Ittcumbuptizatustuisset,ingressus

63 4185 158 4252 Quem
174 4202 233 4241 non
245 4184 342 4242 solum
353 4185 519 4242 venientem
535 4184 655 4256 recepit,
671 4183 721 4240 sed
737 4184 826 4239 etiam
849 4183 896 4239 fu·
931 4198 1114 4255 >synagogas
1135 4179 1313 4252 praedicabat
1327 4178 1441 4244 tasum,
1454 4177 1594 4248 quoniam
1610 4175 1658 4231 hic
1673 4179 1719 4232 ast
1733 4174 1778 4230 ri·

64 4275 196 4346 gientem
211 4275 343 4331 retraxit.
360 4275 556 4332 Attendamus
572 4289 651 4347 ergo,
678 4274 792 4340 tratres,
815 4273 845 4328 in
862 4288 896 4328 eo
951 4271 1076 4341 liusDei,
1087 4269 1240 4326 affirmans
1251 4268 1391 4340 quoniam
1403 4263 1775 4335 hicestChristus(itid.).r

67 4362 896 4436 mortem,quam[)uminusnoluit,oonversi0nemquam
951 4363 1022 4417 Ecce
1037 4359 1094 4416 vita
1108 4358 1218 4430 gratim,
1242 4373 1329 4429 quam
1359 4356 1502 4412 Dominus
1530 4354 1642 4411 tribuit.
1669 4354 1777 4410 Verum

67 4452 150 4522 iecit,
168 4452 259 4509 vitam
275 4469 365 4525 quam
380 4453 502 4522 tribuit;
520 4456 641 4508 mertem
659 4450 762 4522 culpae,
778 4466 897 4508 conver·
952 4455 997 4507 est
1012 4465 1078 4519 ergo
1094 4449 1172 4520 quod
1187 4447 1304 4503 Veritas
1317 4445 1374 4502 ait:
1390 4444 1462 4501 Noto
1477 4453 1591 4501 mortem
1616 4443 1779 4516 peccatoris,

71 4544 189 4601 sionem
205 4541 392 4614 paenitentia,
407 4543 496 4598 vitam
512 4540 621 4613 gratie.
637 4559 652 4593 a
669 4540 776 4596 Saulus
802 4539 898 4596 adhuc
952 4539 999 4596 sed
1012 4542 1042 4594 ut
1056 4539 1235 4594 convertatur
1248 4544 1273 4591 et
1287 4533 1372 4590 vivat.
1389 4534 1456 4590 Ideo
1473 4539 1549 4590 Deus
1565 4538 1689 4589 mortem
1711 4548 1780 4604 pec·

71 4632 193 4706 spirans
208 4631 355 4688 minarum
367 4635 396 4686 et
405 4630 492 4687 cadis
504 4630 533 4684 in
546 4627 706 4701 disciputus
715 4629 841 4695 Domini,
851 4645 898 4686 ao·
954 4628 1062 4686 catoris
1077 4643 1136 4684 non
1150 4625 1225 4693 vult,
1237 4623 1307 4698 quia
1317 4628 1396 4680 Deus
1412 4627 1535 4679 mortem
1553 4639 1610 4679 non
1623 4621 1700 4690 t'ecit;
1714 4620 1780 4675 ideo

70 4720 163 4780 cessit
178 4722 214 4777 sd
229 4721 375 4794 principes
386 4721 582 4790 sacerdotum,
598 4726 626 4775 et
637 4718 720 4791 petiit
732 4719 767 4774 ab
782 4718 824 4775 eis
837 4719 900 4791 epi·
956 4735 1022 4775 vero
1039 4720 1163 4774 mortem
1179 4732 1237 4771 non
1254 4715 1332 4785 tecit,
1349 4713 1419 4786 quia
1436 4714 1513 4786 quod
1540 4713 1649 4768 iactum
1679 4713 1725 4765 est
1749 4707 1781 4762 in

72 4811 167 4868 stolas
181 4811 213 4865 in
228 4815 406 4867 Damascum
422 4810 458 4865 ad
472 4824 644 4881 synagogas,
662 4811 695 4863 ut
709 4807 734 4863 si
755 4825 827 4878 quos
856 4808 900 4863 in·
956 4809 1032 4882 ipso,
1047 4807 1105 4862 vita
1119 4809 1181 4862 arat
1191 4829 1199 4874 ς
1210 4804 1279 4877 quia
1293 4803 1356 4875 ipse
1371 4806 1416 4859 est
1431 4823 1445 4853 a
1462 4800 1518 4871 via,
1529 4799 1646 4869 veritas,
1669 4801 1697 4853 et
1722 4795 1781 4851 vita

70 4899 186 4958 ueniret
199 4899 290 4972 huJ'us
306 4900 357 4955 vira
373 4898 451 4956 viros
467 4915 501 4955 ao
521 4896 670 4964 mulieres,
697 4896 809 4954 vinctos
837 4913 902 4969 per·
923 4923 929 4933 ¹
957 4897 1045 4973 (teca.
1060 4895 1131 4967 xiv).
1149 4915 1161 4946 a
1179 4894 1246 4950 ideo
1262 4909 1379 4965 quoque
1391 4892 1470 4948 Deus
1486 4891 1609 4944 mortem
1621 4883 1783 4958 peccatoris

72 4986 668 5061 duceretinterusatammctrapsaces
690 5002 769 5042 mors
798 4985 901 5058 culpa,
956 4983 1189 5055 nonvutt,quia
1217 4999 1296 5040 mors
1327 4984 1511 5055 peccatorum
1540 4975 1688 5048 pessims;
1718 4971 1784 5029 ideo
1866 5032 1869 5039 ,

73 5095 167 5152 quam
179 5077 445 5135 Dominusnotuit.
463 5074 902 5144 «Etcumiterfeceret,subito
958 5080 1055 5134 autam
1068 5078 1112 5131 est
1126 5071 1266 5146 pessima,
1283 5071 1377 5142 quia«
1407 5073 1522 5125 mortno
1548 5064 1668 5120 homine
1692 5061 1784 5135 impto

73 5166 274 5225 circumfulsit
289 5183 356 5224 eum
371 5167 422 5223 lux
436 5167 473 5222 de
488 5163 571 5234 eoelo,
583 5168 613 5220 et
625 5164 733 5221 cadens
748 5165 898 5221 interram
958 5163 1040 5223 nulla
1055 5179 1124 5237 spes
1138 5161 1193 5219 erit
1208 5162 1243 5217 ds
1258 5158 1450 5232 eo(Pr0u,1r).
1467 5177 1481 5208 o
1499 5155 1567 5212 tdeo
1595 5169 1663 5210 vero
1692 5150 1784 5219 nulla,

75 5257 192 5316 audivit
205 5272 305 5315 vocem
321 5257 469 5313 dicantem
485 5253 560 5312 sibi:
577 5253 676 5320 Saule,
705 5253 801 5321 Saule,
827 5253 899 5327 quid
954 5253 1023 5328 quia
1037 5253 1068 5309 in
1082 5252 1197 5309 interno
1213 5249 1295 5306 nulls
1308 5249 1364 5305 erit
1378 5243 1549 5317 redemptio.
1574 5242 1690 5300 Gratias
1707 5255 1777 5314 ergo

75 5342 668 5419 mapersequeristQuidixit:Ouises,
693 5341 840 5399 Domine?
865 5341 901 5399 m
954 5344 1021 5415 tihi,
1048 5342 1173 5399 Domino
1201 5340 1270 5397 Jeeu
1300 5337 1423 5406 Christe,
1455 5351 1508 5390 nos
1544 5336 1712 5406 peccatores
1734 5346 1782 5386 rs·

75 5433 147 5494 itte:
164 5435 224 5509 ltgo
236 5450 302 5493 sum
316 5435 405 5494 iesus
434 5434 612 5503 Nazarenus,
628 5448 717 5505 quem
742 5437 774 5491 tu
801 5449 902 5507 perse·
956 5433 1089 5502 terimus,
1106 5429 1176 5503 quia
1191 5431 1315 5485 mortam
1331 5428 1519 5499 peccatoram
1536 5439 1595 5480 non
1607 5421 1662 5494 vis,
1686 5421 1733 5477 sed
1750 5421 1783 5476 ut
