3796 5986
68 219 128 279 605
529 224 651 280 sntio
668 226 718 295 lll,
741 228 776 282 ΙΝ
794 227 963 290 mustum
980 234 1029 289 ΒΕ
1047 236 1320 294 svanushtsrts.
1725 238 1781 295 6oe

69 342 131 401 nisi
140 342 299 412 desistant,
310 361 377 401 cum
390 344 505 403 Dathan
515 352 544 404 et
556 347 663 405 hbirou
677 348 840 422 portionem
852 370 898 411 ac·
913 359 940 427 Α
955 357 1021 413 dem
1037 357 1179 415 habentes
1192 359 1317 430 diversa,
1334 360 1385 416 sed
1394 360 1504 418 caudas
1515 359 1551 416 ad
1562 360 1687 418 invicem
1697 360 1781 418 colli·

69 433 196 507 cipient,
221 451 296 508 quos
324 439 403 492 terra
431 439 512 494 sivos
537 438 691 496 absorbuit
719 441 811 513 (Num.
828 444 898 516 xri).
954 452 1038 520 gates
1053 446 1147 519 (Cant.
1166 449 1196 520 n)
1208 467 1232 517 ς·
1251 448 1321 525 quia
1337 474 1350 501 r
1368 451 1404 506 de
1419 450 1547 508 vanitate
1561 449 1779 508 convenientia

69 522 205 580 Necdum
220 523 311 581 etiam
326 525 495 583 deiecerunt
510 527 649 598 heretici,
666 551 680 578 o
698 545 822 603 quorum
841 550 901 590 ser·
954 537 1084 610 idipsum
1101 539 1184 612 (Psoi.
1203 541 1269 611 uxr).
1286 562 1299 589 r
1316 540 1346 596 Si
1360 540 1517 614 diligenter
1531 539 1715 596 custodimus
1735 539 1780 596 dl-

71 627 122 668 mo
136 613 229 685 serpil
245 617 278 670 ut
292 630 398 670 cancer
412 616 451 689 (ll
464 617 531 673 lim.
547 619 599 690 nl:
618 640 631 667 o
656 621 725 691 quia
753 638 898 680 venenum
953 626 1039 683 vitias
1055 629 1242 701 temporales,
1258 635 1367 702 quanto
1383 629 1554 703 diligentius
1566 629 1715 685 custodire
1727 629 1780 685 ala·

70 702 213 774 aspidum
229 705 258 757 et
273 701 308 758 lcl
325 705 485 761 draconum
501 706 628 765 inaurso
640 710 730 767 calice
741 711 898 785 Babylonis
953 717 1059 775 bemus
1074 718 1190 776 divitias
1206 717 1387 788 spirituales.
1404 719 1458 786 Qui
1474 718 1562 774 fldem
1574 717 1711 791 subripit,
1732 718 1779 773 vi·

70 790 233 865 propinant
247 793 333 863 (llier.
351 797 405 852 ari:
421 795 472 867 qui
489 796 565 853 veris
576 797 649 854 laisa
660 799 828 872 miscentes,
842 804 898 859 sub
953 816 1014 869 tam
1032 814 1168 871 furatur:
1185 815 1256 886 quia
1272 836 1286 864 a
1298 813 1399 884 justus
1415 828 1450 867 aa
1464 809 1521 865 fide
1536 806 1606 864 vivit
1619 808 1707 879 (Rom.
1724 807 1777 880 sl.»

69 880 377 954 pretexturcligionis
407 885 487 941 virus
515 887 651 960 nequitie
668 889 896 960 ,dlllunduutin
952 903 1192 969 Quicharitatem
1218 904 1305 969 tollit,
1335 907 1426 958 Deum
1456 896 1668 970 adimit3quia
1699 897 1777 952 Deus

69 969 232 1043 simplices.
250 992 265 1021 a
280 970 408 1027 Veniunt
422 982 519 1030 autem
533 976 563 1032 in
578 977 762 1036 vestimentis
785 981 896 1049 ovium,
951 993 1079 1049 charitas
1095 999 1150 1050 052,
1166 995 1209 1050 Ab
1225 992 1271 1049 his
1286 1009 1354 1064 ergo
1370 990 1506 1047 h0stjbua
1523 985 1635 1043 marisia
1646 991 1673 1040 et
1685 985 1779 1057 preci.

68 1075 139 1116 cum
156 1058 216 1115 siat
231 1057 292 1132 lupi
310 1077 430 1135 rapaces
446 1063 550 1136 (llotth.
566 1066 647 1140 vul.»
665 1071 813 1126 Instemus
826 1087 897 1144 ergo
950 1081 1007 1138 bus
1022 1082 1100 1138 beati
1117 1081 1287 1154 aspostoli
1302 1080 1449 1137 civitatem
1465 1094 1550 1134 susm
1560 1073 1709 1132 custodiat
1717 1074 1777 1131 llo·

67 1147 202 1216 solliciti,
217 1147 492 1224 circumspiciamus
517 1156 632 1226 attenti,
665 1163 697 1214 ut
713 1180 727 1207 a
742 1158 896 1231 capiamus
950 1170 1375 1244 minantesnschristua,qui
1403 1173 1552 1238 estsuper
1574 1163 1672 1220 omnin
1696 1162 1774 1221 Deus
1872 1214 1880 1223 .

66 1236 174 1310 vulpes
190 1239 339 1312 parvulas,
356 1257 420 1314 que
431 1240 635 1299 demoliuntur
645 1243 744 1303 vineas
756 1263 762 1304 :
775 1251 897 1323 oraqui·
949 1258 1123 1319 benediorua
1138 1262 1167 1318 in
1184 1261 1292 1319 secula
1305 1259 1492 1317 saeculorum.
1510 1262 1615 1313 Amen.

815 1561 947 1632 stiltllo
976 1568 1020 1634 lli

636 1691 673 1749 1N
692 1693 859 1762 cornum
874 1707 921 1763 na
939 1713 1209 1772 svanosutsrts.

67 1817 108 1872 θ’
150 1818 329 1894 limittit&i
371 1830 528 1900 acceptione
565 1837 703 1910 paradisi,
748 1839 896 1894 seeundum
937 1856 1020 1912 quam
1057 1842 1138 1895 nerho
1180 1840 1308 1895 thematis
1344 1841 1464 1910 qumuor
1503 1832 1593 1891 modis
1629 1844 1775 1900 mpouso·

439 1922 496 1987 tur,
511 1923 615 1980 scilieet
632 1926 827 1996 historialiter,
849 1926 1011 2000 allegoriae,
1032 1929 1184 1986 moraliter
1197 1933 1223 1986 rt
1236 1930 1405 2002 onagopiee.

102 2252 221 2308 literius
234 2253 427 2324 egrediebatur
438 2256 471 2313 de
486 2259 542 2314 loco
556 2262 706 2334 voluptatis
721 2265 757 2321 ad
772 2265 894 2338 irrigar-
908 2268 932 2335 Β
947 2267 989 2323 ait
1001 2268 1159 2324 Salomon:
1178 2270 1276 2339 «Aqua
1293 2265 1450 2340 protunda,
1465 2263 1553 2319 verba
1564 2278 1600 2318 ex
1611 2275 1660 2316 ora
1670 2258 1736 2325 viri,
1747 2260 1777 2314 st

66 2340 135 2396 dum
149 2342 312 2412 paradisum
336 2344 390 2413 Qui
417 2345 555 2405 diuiditur
579 2350 611 2406 iu
638 2362 761 2424 quatuor
787 2358 893 2429 capito,
947 2361 1064 2413 torrens
1080 2357 1230 2413 inundans
1244 2363 1290 2413 est
1306 2356 1371 2411 lons
1385 2352 1536 2426 sepientis
1551 2351 1645 2422 (Proo.
1661 2348 1774 2417 xvrrrhr

66 2430 174 2486 Phison
188 2430 305 2501 ellicum
324 2435 421 2506 Tiaris
436 2441 462 2492 et
476 2438 643 2510 Euphratem
653 2443 731 2511 (Gra.
743 2445 786 2516 n).
948 2462 1012 2517 que
1028 2449 1087 2501 tam
1104 2445 1188 2518 longe
1204 2445 1320 2516 lateque
1336 2444 1469 2510 delluxit,
1482 2447 1515 2497 ut
1525 2440 1670 2496 mundum
1680 2438 1778 2510 reple-

104 2519 293 2594 Quadruplex
307 2523 337 2579 in
352 2527 598 2598 sacraScriptura
608 2529 717 2603 legitur
726 2532 893 2604 paradisus.
947 2534 1022 2589 verit
1035 2534 1217 2603 universum,
1230 2535 1317 2605 juxta
1327 2532 1404 2604 quod
1423 2531 1564 2588 Dominus
1579 2528 1642 2601 ipse
1666 2543 1773 2600 prece·

68 2608 211 2681 Superior
223 2615 252 2666 et
266 2611 397 2681 inferior,
414 2613 536 2671 interior
550 2622 578 2672 et
601 2619 735 2675 exterior.
756 2620 896 2693 Superior
947 2622 1391 2695 pitapostolisdicens:alluntes
1402 2621 1431 2676 iu
1444 2619 1588 2675 mundum
1600 2617 1771 2673 universum

67 2704 114 2756 est
129 2698 270 2765 celestis,
284 2700 407 2759 inlerior
421 2709 464 2760 est
479 2706 636 2776 terrestris,
657 2707 781 2766 interior
807 2710 893 2782 spiri·
948 2712 1104 2784 predicate
1118 2711 1307 2784 llvangelium
1320 2709 1402 2767 omni
1417 2714 1556 2766 creature
1572 2709 1666 2778 (hore.
1682 2706 1771 2775 xvii.»

67 2786 172 2852 taulis,
183 2790 308 2846 exterior
322 2792 504 2863 corporalis;
519 2794 648 2853 coelestis
662 2796 691 2852 in
708 2797 813 2871 patria,
835 2805 893 2855 ter·
947 2803 1141 2874 Quapropter,
1157 2823 1171 2852 a
1188 2802 1218 2856 ia
1234 2816 1350 2857 omnem
1367 2806 1476 2856 terram
1495 2798 1584 2854 exivit
1607 2811 1699 2852 sonus
1722 2809 1771 2851 eo·

66 2877 172 2933 restris
189 2877 293 2947 invia,
310 2880 476 2953 spiritualis
505 2883 534 2939 in
564 2890 673 2955 menta,
690 2887 894 2959 corporalisin
946 2891 1109 2961 rum,etin
1126 2890 1295 2946 flnesorbis
1322 2895 1408 2945 terre
1434 2888 1523 2944 verbe
1550 2902 1652 2943 eorum
1681 2883 1769 2954 (Psoi.

64 2966 190 3023 oriente.
204 2971 243 3023 Da
258 2970 402 3040 superiori
418 2972 554 3044 paradiso
578 2974 687 3031 dicitur
715 2975 753 3032 ad
780 2977 893 3035 Lucil‘e·
946 2979 1037 3051 xviri).
1051 3001 1066 3030 »
1083 2979 1148 3036 lieo
1163 2979 1267 3053 irrigat
1281 2978 1463 3050 paradisum,
1478 2977 1507 3033 id
1523 2981 1568 3032 est
1581 2975 1772 3032 fecundatae·

67 3071 154 3112 rum:
171 3077 187 3106 κ
202 3056 246 3114 Tu
262 3057 449 3131 signaculum
465 3061 682 3130 similitudinis,
708 3065 814 3137 plenus
842 3083 890 3122 sa·
946 3068 1257 3141 clesiam,juxtaquod
1269 3066 1528 3141 dioilhpostolus:
1542 3065 1616 3138 uligo
1628 3052 1778 3137 plantavi.

68 3143 182 3215 pientia
196 3149 225 3201 et
240 3147 387 3218 perlectus
401 3149 516 3218 decore,
532 3151 562 3206 in
578 3151 692 3208 deliciis
704 3154 830 3224 peradisi
842 3155 891 3213 Dei
944 3157 1048 3230 Apollo
1076 3158 1200 3230 rigarit;
1225 3158 1303 3216 Deus
1331 3163 1429 3214 autem
1446 3156 1662 3212 incrementum
1687 3153 1769 3210 dedit

69 3231 153 3288 luisti
164 3234 261 3306 (Erech
274 3238 393 3311 xxsrrr);
410 3260 425 3288 a
441 3239 477 3295 de
491 3239 622 3297 interiori
647 3241 758 3298 dicitur
785 3245 821 3300 ad
838 3262 892 3301 an·
946 3248 970 3320 (l
984 3247 1045 3305 Cor.
1061 3248 1114 3320 ru).
1134 3271 1145 3297 ι
1162 3249 1217 3304 Hie
1231 3253 1276 3304 est
1290 3248 1369 3304 enim
1386 3246 1452 3303 lons
1478 3244 1641 3311 humorum,
1658 3247 1769 3315 puteus

68 3321 169 3394 gelum
186 3323 327 3396 Ephraim
342 3327 477 3384 Vincenti
493 3328 568 3385 dabo
582 3329 714 3388 ederedo
726 3331 892 3404 lignorite,
945 3352 1090 3408 aquarum
1106 3336 1276 3405 urentium,
1293 3353 1357 3409 que
1373 3339 1468 3392 fluunt
1482 3334 1592 3406 impetu
1609 3333 1644 3388 da
1661 3331 1769 3388 Libano

70 3412 149 3485 quod
164 3417 210 3470 est
224 3413 254 3470 ia
270 3415 405 3488 paradiso
418 3417 470 3475 Dei
483 3419 540 3476 mei
555 3419 648 3492 (Apus.
664 3420 715 3494 11);
731 3443 745 3472 »ι
771 3423 806 3479 de
830 3424 893 3497 spi·
945 3422 1026 3496 (Can.
1041 3423 1108 3495 rv).s
1123 3424 1237 3479 Flauias
1252 3423 1308 3479 iste
1322 3425 1353 3479 in
1365 3431 1484 3495 quotuor
1511 3421 1603 3493 capita
1628 3417 1768 3476 diuiditur

65 3502 168 3560 rituali
184 3504 329 3578 scriptum
358 3508 505 3579 reperitur
518 3508 548 3565 in
575 3509 752 3584 Evangelio:
770 3534 785 3563 a
802 3514 893 3570 Amen
946 3511 1016 3585 quia
1031 3512 1198 3584 predicatio
1212 3513 1279 3569 lesu
1294 3512 1403 3569 Christi
1419 3511 1448 3566 in
1463 3514 1590 3584 quatuor
1612 3506 1769 3583 Evangelia

64 3591 132 3649 dico
146 3592 211 3664 tibi,
226 3593 312 3651 hodie
327 3610 443 3652 mecum
454 3598 512 3655 eris
523 3598 552 3654 in
563 3599 699 3672 paradiso
710 3600 887 3674 (harmanni
904 3640 926 3709 G
946 3600 1104 3658 derivatur.
1122 3600 1285 3658 Liceteaim
1302 3599 1387 3657 multi
1404 3599 1577 3674 scripserint
1591 3595 1748 3673 Evangelia
1758 3614 1766 3668 ;

64 3683 102 3739 de
116 3683 261 3756 corporali
278 3685 421 3758 scriptum
437 3687 583 3759 reperitur
610 3689 640 3745 in
655 3688 779 3746 Genesi:
801 3693 889 3748 Pion·
945 3708 1024 3760 nam,
1035 3695 1069 3747 ut
1079 3691 1173 3748 Lucas
1183 3695 1321 3757 testatur,
1331 3689 1437 3747 «malti
1447 3689 1621 3747 conatisunt
1631 3687 1769 3746 ordinare

60 3775 168 3830 muerat
184 3777 317 3831 Dominus
329 3776 399 3832 heus
421 3779 586 3848 paradisum
614 3779 763 3853 uoluptatis
776 3798 795 3837 a
807 3784 888 3851 pria·
940 3781 1137 3838 narrationem
1152 3797 1265 3852 eorum,
1282 3781 1391 3853 quein
1408 3779 1493 3837 nobis
1520 3777 1674 3852 complete
1696 3781 1767 3835 sunt

60 3864 145 3936 cipio.
165 3863 332 3920 Secundum
361 3864 438 3922 hanc
466 3867 711 3941 quadripartitam
742 3871 888 3943 sccrptio·
938 3871 1015 3944 (huc.
1031 3874 1078 3939 rizo
1096 3874 1193 3927 tamea
1211 3887 1268 3926 non
1285 3869 1342 3926 nisi
1358 3875 1486 3943 quatuor
1501 3872 1617 3941 recepta
1632 3873 1703 3924 sunt
1728 3868 1766 3924 ab

61 3968 131 4009 aem
148 3951 273 4009 nominis
290 3953 429 4026 paradisi,
459 3960 587 4028 quatuor
613 3957 710 4016 modis
738 3960 888 4032 proposita
938 3960 1071 4028 ecclesia,
1083 3959 1220 4016 videlicet
1233 3958 1370 4028 Matthei,
1387 3957 1488 4026 Marci,
1512 3958 1604 4024 Luce,
1628 3958 1763 4014 ionariis.
1849 4002 1852 4009 .

60 4041 151 4099 verba
165 4045 290 4114 possunt
304 4043 427 4115 exponi,
446 4043 638 4102 historialiter
664 4050 693 4104 et
721 4047 886 4121 allegorice,
939 4050 1021 4117 Quod
1037 4049 1141 4123 utique
1155 4049 1265 4106 iactum
1280 4052 1325 4104 est
1339 4048 1451 4105 ratione
1467 4044 1634 4118 multiplici.
1655 4045 1766 4116 Primo,

61 4130 213 4188 moraliter
241 4137 271 4188 et
299 4134 466 4204 anagogice.
495 4134 692 4193 Historialiter
714 4137 793 4194 enim
822 4139 887 4197 lons
939 4139 974 4195 ad
997 4139 1210 4196 ostendendam
1227 4139 1353 4194 duorum
1383 4138 1628 4192 testamentorum
1643 4149 1765 4190 concor·

59 4220 183 4294 quidam
210 4221 339 4295 erumpit
364 4222 399 4279 de
430 4224 524 4281 medio
553 4225 682 4297 paradisi
699 4226 734 4282 ad
761 4227 886 4301 irrigan-
938 4227 1126 4284 diamsicut
1150 4226 1230 4283 enim
1256 4224 1354 4282 Veteri
1382 4224 1572 4281 Testamento
1601 4239 1680 4280 unus
1709 4222 1764 4280 luit

59 4311 132 4366 dum
148 4310 255 4370 herbas
270 4314 299 4368 et
314 4312 431 4369 arbores
446 4312 586 4386 peradisi.
616 4313 668 4379 Oui
685 4314 721 4371 de
749 4317 886 4388 paradiso
938 4317 1098 4391 legislator,
1112 4316 1249 4372 videlicet
1277 4315 1402 4387 Moyses,
1418 4318 1448 4370 et
1476 4317 1605 4385 quatuor
1633 4313 1762 4386 majores

60 4399 252 4473 progrediens
266 4401 297 4456 in
313 4406 440 4474 quatuor
454 4401 550 4473 capita
565 4403 724 4472 derivatur,
740 4421 804 4478 que
816 4410 887 4462 sunt
938 4406 1095 4478 prophete,
1108 4403 1243 4461 videlicet
1267 4403 1366 4476 Isaiae,
1389 4403 1403 4460 J
1408 4402 1544 4475 eremias,
1569 4401 1703 4460 Ezechiel
1732 4406 1762 4459 et

59 4494 187 4564 quatuor
203 4489 326 4547 humina
339 4491 480 4564 paradisi.
496 4490 658 4566 Allegorics
672 4509 738 4551 vero
766 4494 885 4569 lluvius,
937 4494 1048 4564 Daniel;
1059 4494 1213 4551 duodecim
1227 4498 1327 4550 autem
1339 4492 1762 4567 minoresprophete,acmultl

58 4579 111 4652 qui
127 4579 401 4655 delocovoluptstis
411 4581 571 4654 egreditur,
582 4581 885 4658 estevangelicaprae·
937 4584 988 4641 alii
1002 4584 1162 4658 sapientes,
1179 4587 1210 4640 ut
1223 4582 1291 4654 Joh,
1306 4581 1408 4654 David,
1420 4586 1449 4638 et
1459 4581 1611 4651 Salomon,
1622 4586 1652 4639 et
1662 4582 1760 4640 lesus.

56 4669 176 4736 dicatio,
191 4685 255 4743 que
271 4671 443 4744 denomino
457 4671 530 4728 lesu
544 4670 659 4730 Christo
674 4673 815 4746 procedit.
830 4677 885 4742 Qul
935 4672 1452 4749 itaetinNovoTestamentounus
1481 4670 1538 4728 luit
1564 4670 1637 4742 legis
1667 4672 1763 4742 dator,

57 4762 103 4816 est
118 4760 184 4817 loas
199 4760 275 4832 rite,
291 4761 321 4816 ia
336 4761 422 4832 cujus
436 4758 550 4817 lumine
573 4761 738 4820 videbimus
763 4762 882 4836 lumen;
934 4761 1263 4832 videlicetChristus,et
1273 4764 1401 4835 quatuor
1411 4760 1616 4834 Evangeliste,
1628 4759 1764 4818 videlicet

56 4867 75 4908 a
89 4865 148 4922 quo
162 4848 339 4923 generaliter
348 4849 445 4907 omnis
455 4866 525 4906 vera
534 4850 670 4924 voluptas
680 4854 884 4911 emanat.·ve-
935 4852 1101 4924 Matthaeus,
1118 4851 1246 4918 Marcus,
1263 4851 1367 4921 Lucas,
1382 4849 1522 4908 ioannes.
1540 4850 1763 4907 Duodecimau·

56 4941 129 5006 nite,
145 4940 255 5013 iuquit,
267 4941 302 4996 ad
320 4956 377 5011 me,
393 4956 496 4998 omnes
512 4940 562 5013 qui
578 4940 719 4999 laboratis
728 4947 759 4999 et
768 4943 883 5000 onerati
934 4945 992 4999 tem
1009 4939 1147 5014 apostoli;
1158 4944 1185 4996 et
1198 4939 1247 4997 alii
1262 4940 1345 4996 multi
1357 4940 1502 5010 doctores,
1515 4939 1760 5008 utllierouymus,

57 5033 143 5095 estis,
158 5034 187 5084 st
201 5044 255 5102 ago
270 5046 320 5085 voa
348 5029 495 5100 rellcism;
511 5034 541 5086 et
568 5030 724 5088 invenietis
752 5033 882 5104 requiem
897 5016 922 5084 D
937 5030 1132 5104 Augustinus,
1147 5028 1321 5087 Ambrosius
1335 5033 1364 5085 et
1378 5028 1557 5102 Gregorius:
1574 5032 1608 5083 ut
1631 5042 1683 5100 por
1706 5024 1762 5082 bon

57 5119 215 5176 animabus
230 5118 472 5191 uestris;jugurn
486 5119 566 5176 enim
578 5136 677 5178 meum
688 5137 777 5178 suave
788 5126 842 5192 est,
855 5125 885 5179 st
938 5117 1234 5191 ostendatur,quia«
1251 5115 1540 5174 rotacoutiaeturiu
1570 5114 1666 5170 modio
1691 5118 1760 5171 rote

57 5225 134 5265 onas
150 5224 248 5265 meum
262 5207 325 5265 leve
339 5208 445 5279 (dorth.
463 5210 503 5278 n).
520 5230 596 5264 »-a
610 5209 733 5268 Gustata
747 5215 777 5268 et
789 5211 883 5268 videte
936 5213 1046 5286 [Erech.
1063 5211 1113 5283 t),»
1129 5215 1157 5267 et
1172 5211 1231 5267 duo
1244 5209 1394 5282 seraphim
1406 5224 1470 5265 sese
1483 5205 1645 5279 respiciunt
1670 5204 1762 5262 versis

55 5298 197 5372 quoniam
213 5296 311 5355 suavis
324 5303 368 5354 est
386 5297 538 5367 Dominus,
552 5298 656 5356 beatas
671 5299 774 5372 virqui
785 5308 883 5374 sperat
937 5300 1069 5358 vultibus
1084 5299 1113 5355 in
1128 5298 1365 5372 propitiatorium
1383 5296 1484 5369 (Eruci.
1507 5307 1585 5351 aaut.
1614 5296 1758 5364 Secundo,

54 5386 657 5460 ineoll'sat.xrxm).»llee'predioatio
687 5394 765 5446 recte
794 5389 883 5447 lluvio
937 5387 1308 5462 premysterioquadrige
1324 5385 1624 5458 Aminadab,dequa
1650 5401 1760 5458 sponsa

55 5480 255 5549 comparator,
271 5494 329 5532 oon
345 5477 442 5533 solum
456 5475 528 5549 quia
541 5476 644 5548 relloit,
674 5478 767 5535 abluit
795 5483 824 5535 et
838 5479 883 5536 le·
937 5479 1008 5536 dicit
1022 5479 1052 5534 in
1067 5479 1205 5536 canticis:
1222 5502 1235 5528 a
1252 5477 1358 5533 Anima
1374 5491 1440 5531 mea
1454 5474 1572 5532 turbata
1586 5480 1631 5533 est
1642 5482 1761 5550 propter

54 5567 177 5634 euadat,
194 5567 245 5624 sed
260 5566 330 5640 quia
345 5566 453 5625 hovius
468 5565 577 5626 dicitur
589 5582 668 5641 mua
679 5573 785 5627 nuens.
800 5569 837 5627 ht
850 5573 884 5629 ut
937 5568 1098 5645 quadrigas
1111 5567 1276 5626 Aminadah
1291 5566 1381 5640 (Cant.
1396 5565 1467 5639 ml.»
1490 5565 1655 5624 Amiusdab
1680 5565 1761 5623 enim
