<?xml version="1.0" encoding="UTF-8"?>
<!DOCTYPE html PUBLIC "-//W3C//DTD XHTML 1.0 Transitional//EN"
    "http://www.w3.org/TR/xhtml1/DTD/xhtml1-transitional.dtd">
<html xmlns="http://www.w3.org/1999/xhtml" xml:lang="en" lang="en">
 <head>
  <title>
</title>
<meta http-equiv="Content-Type" content="text/html;charset=utf-8" />
  <meta name='ocr-system' content='tesseract 3.04.00' />
  <meta name='ocr-capabilities' content='ocr_page ocr_carea ocr_par ocr_line ocrx_word'/>
</head>
<body>
  <div class='ocr_page' id='page_1' title='image "./patrologiaecurs27unkngoog/patrologiaecurs27unkngoog_0161.png"; bbox 0 0 3796 5986; ppageno 0'>
   <div class='ocr_carea' id='block_1_1' title="bbox 135 249 1846 315">
    <p class='ocr_par' dir='ltr' id='par_1_1' title="bbox 135 249 1846 315">
     <span class='ocr_line' id='line_1_1' title="bbox 135 249 1846 315; baseline -0.004 -1"><span class='ocrx_word' id='word_1_1' title='bbox 135 257 191 314; x_wconf 70' lang='lat'><strong>807</strong></span> <span class='ocrx_word' id='word_1_2' title='bbox 685 258 894 315; x_wconf 67' lang='lat' dir='ltr'><strong>trinoctium</strong></span> <span class='ocrx_word' id='word_1_3' title='bbox 912 261 953 315; x_wconf 87' lang='lat'><strong>111</strong></span> <span class='ocrx_word' id='word_1_4' title='bbox 970 259 1074 314; x_wconf 67' lang='grc' dir='ltr'><strong>ΡΜ</strong></span> <span class='ocrx_word' id='word_1_5' title='bbox 1091 255 1296 314; x_wconf 71' lang='lat' dir='ltr'><strong>ossuum</strong></span> <span class='ocrx_word' id='word_1_6' title='bbox 1379 275 1382 278; x_wconf 87' lang='lat'>·</span> <span class='ocrx_word' id='word_1_7' title='bbox 1791 249 1846 308; x_wconf 59' lang='grc' dir='ltr'>Μ</span> 
     </span>
    </p>
   </div>
   <div class='ocr_carea' id='block_1_2' title="bbox 134 376 1845 457">
    <p class='ocr_par' dir='ltr' id='par_1_2' title="bbox 134 376 1845 457">
     <span class='ocr_line' id='line_1_2' title="bbox 134 376 1845 457; baseline -0.004 -16"><span class='ocrx_word' id='word_1_8' title='bbox 134 383 380 454; x_wconf 70' lang='lat' dir='ltr'><strong>ommunicatus,</strong></span> <span class='ocrx_word' id='word_1_9' title='bbox 396 384 447 456; x_wconf 88' lang='lat' dir='ltr'><strong>qui</strong></span> <span class='ocrx_word' id='word_1_10' title='bbox 463 387 529 457; x_wconf 90' lang='lat' dir='ltr'><strong>post</strong></span> <span class='ocrx_word' id='word_1_11' title='bbox 540 384 679 457; x_wconf 77' lang='lat' dir='ltr'><strong>praediola</strong></span> <span class='ocrx_word' id='word_1_12' title='bbox 689 381 850 453; x_wconf 83' lang='lat' dir='ltr'><strong>eisoblata‚</strong></span> <span class='ocrx_word' id='word_1_13' title='bbox 860 399 962 457; x_wconf 88' lang='lat' dir='ltr'><strong>paoem</strong></span> <span class='ocrx_word' id='word_1_14' title='bbox 976 385 1004 452; x_wconf 72' lang='grc' dir='ltr'><strong>Α</strong></span> <span class='ocrx_word' id='word_1_15' title='bbox 1018 382 1292 454; x_wconf 70' lang='lat' dir='ltr'><strong>inquietationibus,</strong></span> <span class='ocrx_word' id='word_1_16' title='bbox 1303 396 1337 438; x_wconf 82' lang='lat' dir='ltr'><strong>ex</strong></span> <span class='ocrx_word' id='word_1_17' title='bbox 1350 379 1512 453; x_wconf 75' lang='lat' dir='ltr'><strong>premissis</strong></span> <span class='ocrx_word' id='word_1_18' title='bbox 1523 377 1604 437; x_wconf 82' lang='lat' dir='ltr'><strong>vobis</strong></span> <span class='ocrx_word' id='word_1_19' title='bbox 1615 376 1755 445; x_wconf 88' lang='lat' dir='ltr'><strong>innotuit,</strong></span> <span class='ocrx_word' id='word_1_20' title='bbox 1765 378 1845 450; x_wconf 85' lang='lat' dir='ltr'><strong>quod</strong></span> 
     </span>
    </p>
   </div>
   <div class='ocr_carea' id='block_1_3' title="bbox 42 465 1847 635">
    <p class='ocr_par' dir='ltr' id='par_1_3' title="bbox 42 465 1847 635">
     <span class='ocr_line' id='line_1_3' title="bbox 50 465 1846 547; baseline -0.003 -17"><span class='ocrx_word' id='word_1_21' title='bbox 50 490 53 497; x_wconf 65' lang='lat'>¹</span> <span class='ocrx_word' id='word_1_22' title='bbox 136 472 218 547; x_wconf 89' lang='lat' dir='ltr'><strong>regni</strong></span> <span class='ocrx_word' id='word_1_23' title='bbox 233 474 326 530; x_wconf 88' lang='lat' dir='ltr'><strong>nostri</strong></span> <span class='ocrx_word' id='word_1_24' title='bbox 346 474 566 545; x_wconf 81' lang='lat' dir='ltr'><strong>perturbarent,</strong></span> <span class='ocrx_word' id='word_1_25' title='bbox 593 479 622 528; x_wconf 87' lang='lat' dir='ltr'><strong>et</strong></span> <span class='ocrx_word' id='word_1_26' title='bbox 644 473 801 529; x_wconf 86' lang='lat' dir='ltr'><strong>videbatur</strong></span> <span class='ocrx_word' id='word_1_27' title='bbox 828 474 965 546; x_wconf 88' lang='lat' dir='ltr'><strong>episeopo</strong></span> <span class='ocrx_word' id='word_1_28' title='bbox 1020 472 1197 545; x_wconf 82' lang='lat' dir='ltr'><strong>affligamur,</strong></span> <span class='ocrx_word' id='word_1_29' title='bbox 1213 487 1266 528; x_wconf 84' lang='lat' dir='ltr'><strong>neo</strong></span> <span class='ocrx_word' id='word_1_30' title='bbox 1282 486 1441 543; x_wconf 89' lang='lat' dir='ltr'><strong>possumus</strong></span> <span class='ocrx_word' id='word_1_31' title='bbox 1457 469 1486 526; x_wconf 92' lang='lat' dir='ltr'><strong>in</strong></span> <span class='ocrx_word' id='word_1_32' title='bbox 1503 485 1545 526; x_wconf 80' lang='lat' dir='ltr'><strong>ors</strong></span> <span class='ocrx_word' id='word_1_33' title='bbox 1560 470 1670 527; x_wconf 86' lang='lat' dir='ltr'><strong>bonum</strong></span> <span class='ocrx_word' id='word_1_34' title='bbox 1695 466 1777 540; x_wconf 89' lang='lat' dir='ltr'><strong>paoie</strong></span> <span class='ocrx_word' id='word_1_35' title='bbox 1801 465 1846 524; x_wconf 90' lang='lat' dir='ltr'><strong>in·</strong></span> 
     </span>
     <span class='ocr_line' id='line_1_4' title="bbox 42 556 1847 635; baseline -0.004 -15"><span class='ocrx_word' id='word_1_36' title='bbox 42 560 45 564; x_wconf 52' lang='lat'><strong><em>⁴</em></strong></span> <span class='ocrx_word' id='word_1_37' title='bbox 138 563 293 620; x_wconf 78' lang='lat' dir='ltr'><strong>Exorienei</strong></span> <span class='ocrx_word' id='word_1_38' title='bbox 317 568 346 619; x_wconf 87' lang='lat' dir='ltr'><strong>et</strong></span> <span class='ocrx_word' id='word_1_39' title='bbox 379 564 519 634; x_wconf 85' lang='lat' dir='ltr'><strong>magistro</strong></span> <span class='ocrx_word' id='word_1_40' title='bbox 549 562 705 632; x_wconf 75' lang='lat' dir='ltr'><strong>randulfo,</strong></span> <span class='ocrx_word' id='word_1_41' title='bbox 738 563 787 634; x_wconf 87' lang='lat' dir='ltr'><strong>qni</strong></span> <span class='ocrx_word' id='word_1_42' title='bbox 808 567 965 635; x_wconf 70' lang='lat' dir='ltr'><strong>presentes</strong></span> <span class='ocrx_word' id='word_1_43' title='bbox 1019 556 1787 633; x_wconf 75' lang='lat' dir='ltr'><strong>venire,qnosaltemeouoordssellleiamurutsio</strong></span> <span class='ocrx_word' id='word_1_44' title='bbox 1804 558 1847 613; x_wconf 82' lang='lat' dir='ltr'><strong>ts·</strong></span> 
     </span>
    </p>
   </div>
   <div class='ocr_carea' id='block_1_4' title="bbox 136 651 1849 992">
    <p class='ocr_par' dir='ltr' id='par_1_4' title="bbox 136 651 1848 815">
     <span class='ocr_line' id='line_1_5' title="bbox 137 651 1848 727; baseline -0.002 -17"><span class='ocrx_word' id='word_1_45' title='bbox 137 658 231 722; x_wconf 88' lang='lat' dir='ltr'><strong>erunt,</strong></span> <span class='ocrx_word' id='word_1_46' title='bbox 247 654 324 726; x_wconf 91' lang='lat' dir='ltr'><strong>quod</strong></span> <span class='ocrx_word' id='word_1_47' title='bbox 339 654 452 724; x_wconf 86' lang='lat' dir='ltr'><strong>dejure</strong></span> <span class='ocrx_word' id='word_1_48' title='bbox 468 669 520 724; x_wconf 88' lang='lat' dir='ltr'><strong>por</strong></span> <span class='ocrx_word' id='word_1_49' title='bbox 535 652 713 709; x_wconf 86' lang='lat' dir='ltr'><strong>sententiam</strong></span> <span class='ocrx_word' id='word_1_50' title='bbox 729 651 964 710; x_wconf 86' lang='lat' dir='ltr'><strong>exeommunina·</strong></span> <span class='ocrx_word' id='word_1_51' title='bbox 1018 654 1105 711; x_wconf 89' lang='lat' dir='ltr'><strong>silius</strong></span> <span class='ocrx_word' id='word_1_52' title='bbox 1120 653 1268 727; x_wconf 90' lang='lat' dir='ltr'><strong>proposito</strong></span> <span class='ocrx_word' id='word_1_53' title='bbox 1280 653 1497 722; x_wconf 86' lang='lat' dir='ltr'><strong>insisteremus,</strong></span> <span class='ocrx_word' id='word_1_54' title='bbox 1514 669 1565 710; x_wconf 81' lang='lat' dir='ltr'><strong>sos</strong></span> <span class='ocrx_word' id='word_1_55' title='bbox 1575 652 1611 708; x_wconf 90' lang='lat' dir='ltr'><strong>de</strong></span> <span class='ocrx_word' id='word_1_56' title='bbox 1624 651 1730 710; x_wconf 85' lang='lat' dir='ltr'><strong>itinere</strong></span> <span class='ocrx_word' id='word_1_57' title='bbox 1745 656 1848 707; x_wconf 89' lang='lat' dir='ltr'><strong>nostro</strong></span> 
     </span>
     <span class='ocr_line' id='line_1_6' title="bbox 136 741 1848 815; baseline -0.002 -16"><span class='ocrx_word' id='word_1_58' title='bbox 136 744 225 800; x_wconf 92' lang='lat' dir='ltr'><strong>tionis</strong></span> <span class='ocrx_word' id='word_1_59' title='bbox 240 759 289 800; x_wconf 88' lang='lat' dir='ltr'><strong>eos</strong></span> <span class='ocrx_word' id='word_1_60' title='bbox 305 756 489 815; x_wconf 84' lang='lat' dir='ltr'><strong>rumpesoere</strong></span> <span class='ocrx_word' id='word_1_61' title='bbox 505 741 662 799; x_wconf 85' lang='lat' dir='ltr'><strong>debebunt.</strong></span> <span class='ocrx_word' id='word_1_62' title='bbox 1019 749 1115 800; x_wconf 88' lang='lat' dir='ltr'><strong>oertos</strong></span> <span class='ocrx_word' id='word_1_63' title='bbox 1139 744 1255 799; x_wconf 87' lang='lat' dir='ltr'><strong>eitioere</strong></span> <span class='ocrx_word' id='word_1_64' title='bbox 1279 759 1338 798; x_wconf 91' lang='lat' dir='ltr'><strong>non</strong></span> <span class='ocrx_word' id='word_1_65' title='bbox 1362 757 1522 815; x_wconf 87' lang='lat' dir='ltr'><strong>possumus</strong></span> <span class='ocrx_word' id='word_1_66' title='bbox 1541 759 1549 811; x_wconf 90' lang='lat'>;</span> <span class='ocrx_word' id='word_1_67' title='bbox 1571 757 1666 797; x_wconf 88' lang='lat' dir='ltr'><strong>unurn</strong></span> <span class='ocrx_word' id='word_1_68' title='bbox 1688 757 1741 814; x_wconf 85' lang='lat' dir='ltr'><strong>pro</strong></span> <span class='ocrx_word' id='word_1_69' title='bbox 1770 745 1848 797; x_wconf 84' lang='lat' dir='ltr'><strong>certo</strong></span> 
     </span>
    </p>

    <p class='ocr_par' dir='ltr' id='par_1_5' title="bbox 136 829 1849 992">
     <span class='ocr_line' id='line_1_7' title="bbox 174 829 1848 905; baseline -0.003 -15"><span class='ocrx_word' id='word_1_70' title='bbox 174 834 229 890; x_wconf 80' lang='lat' dir='ltr'><strong>Sel</strong></span> <span class='ocrx_word' id='word_1_71' title='bbox 243 832 483 904; x_wconf 87' lang='lat' dir='ltr'><strong>arehiepisoopus</strong></span> <span class='ocrx_word' id='word_1_72' title='bbox 495 831 689 903; x_wconf 87' lang='lat' dir='ltr'><strong>respondens,</strong></span> <span class='ocrx_word' id='word_1_73' title='bbox 701 830 830 902; x_wconf 87' lang='lat' dir='ltr'><strong>sitquod</strong></span> <span class='ocrx_word' id='word_1_74' title='bbox 845 834 965 891; x_wconf 84' lang='lat' dir='ltr'><strong>senten·</strong></span> <span class='ocrx_word' id='word_1_75' title='bbox 1019 833 1156 902; x_wconf 86' lang='lat' dir='ltr'><strong>seientes,</strong></span> <span class='ocrx_word' id='word_1_76' title='bbox 1172 833 1250 905; x_wconf 89' lang='lat' dir='ltr'><strong>quod</strong></span> <span class='ocrx_word' id='word_1_77' title='bbox 1268 831 1353 888; x_wconf 91' lang='lat' dir='ltr'><strong>multi</strong></span> <span class='ocrx_word' id='word_1_78' title='bbox 1369 831 1653 902; x_wconf 61' lang='lat' dir='ltr'><strong>oruoeoignatorun</strong></span> <span class='ocrx_word' id='word_1_79' title='bbox 1669 829 1720 902; x_wconf 86' lang='lat' dir='ltr'><strong>qui</strong></span> <span class='ocrx_word' id='word_1_80' title='bbox 1736 830 1772 886; x_wconf 95' lang='lat' dir='ltr'><strong>ad</strong></span> <span class='ocrx_word' id='word_1_81' title='bbox 1788 834 1848 886; x_wconf 88' lang='lat' dir='ltr'><strong>tor-</strong></span> 
     </span>
     <span class='ocr_line' id='line_1_8' title="bbox 136 918 1849 992; baseline -0.001 -14"><span class='ocrx_word' id='word_1_82' title='bbox 136 925 208 979; x_wconf 89' lang='lat' dir='ltr'><strong>tiam</strong></span> <span class='ocrx_word' id='word_1_83' title='bbox 224 921 540 978; x_wconf 85' lang='lat' dir='ltr'><strong>exeommuuioationia</strong></span> <span class='ocrx_word' id='word_1_84' title='bbox 555 921 585 977; x_wconf 93' lang='lat' dir='ltr'><strong>in</strong></span> <span class='ocrx_word' id='word_1_85' title='bbox 602 936 653 977; x_wconf 87' lang='lat' dir='ltr'><strong>eoo</strong></span> <span class='ocrx_word' id='word_1_86' title='bbox 678 919 760 976; x_wconf 94' lang='lat' dir='ltr'><strong>nullo</strong></span> <span class='ocrx_word' id='word_1_87' title='bbox 785 921 872 979; x_wconf 89' lang='lat' dir='ltr'><strong>modo</strong></span> <span class='ocrx_word' id='word_1_88' title='bbox 895 937 965 992; x_wconf 91' lang='lat' dir='ltr'><strong>pro·</strong></span> <span class='ocrx_word' id='word_1_89' title='bbox 1019 940 1057 978; x_wconf 83' lang='lat' dir='ltr'><strong>ors</strong></span> <span class='ocrx_word' id='word_1_90' title='bbox 1073 926 1182 979; x_wconf 83' lang='lat' dir='ltr'><strong>aeuetas</strong></span> <span class='ocrx_word' id='word_1_91' title='bbox 1197 936 1373 978; x_wconf 88' lang='lat' dir='ltr'><strong>suooursum</strong></span> <span class='ocrx_word' id='word_1_92' title='bbox 1390 936 1422 977; x_wconf 92' lang='lat' dir='ltr'><strong>se</strong></span> <span class='ocrx_word' id='word_1_93' title='bbox 1436 920 1630 977; x_wconf 78' lang='lat' dir='ltr'><strong>scripserunt</strong></span> <span class='ocrx_word' id='word_1_94' title='bbox 1650 920 1687 977; x_wconf 90' lang='lat' dir='ltr'><strong>de</strong></span> <span class='ocrx_word' id='word_1_95' title='bbox 1711 918 1849 992; x_wconf 81' lang='lat' dir='ltr'><strong>pertibus</strong></span> 
     </span>
    </p>
   </div>
   <div class='ocr_carea' id='block_1_5' title="bbox 15 1008 1849 1171">
    <p class='ocr_par' dir='ltr' id='par_1_6' title="bbox 15 1008 1849 1171">
     <span class='ocr_line' id='line_1_9' title="bbox 22 1008 1848 1084; baseline -0.002 -18"><span class='ocrx_word' id='word_1_96' title='bbox 22 1042 24 1047; x_wconf 61' lang='lat'>&gt;</span> <span class='ocrx_word' id='word_1_97' title='bbox 114 1059 115 1062; x_wconf 69' lang='grc'>,</span> <span class='ocrx_word' id='word_1_98' title='bbox 136 1014 234 1080; x_wconf 84' lang='lat' dir='ltr'><strong>torret,</strong></span> <span class='ocrx_word' id='word_1_99' title='bbox 251 1010 320 1080; x_wconf 88' lang='lat' dir='ltr'><strong>quia</strong></span> <span class='ocrx_word' id='word_1_100' title='bbox 335 1010 408 1065; x_wconf 88' lang='lat' dir='ltr'><strong>bene</strong></span> <span class='ocrx_word' id='word_1_101' title='bbox 423 1010 535 1066; x_wconf 83' lang='lat' dir='ltr'><strong>solebat</strong></span> <span class='ocrx_word' id='word_1_102' title='bbox 550 1014 678 1065; x_wconf 87' lang='lat' dir='ltr'><strong>mentem</strong></span> <span class='ocrx_word' id='word_1_103' title='bbox 689 1012 819 1066; x_wconf 84' lang='lat' dir='ltr'><strong>vestram</strong></span> <span class='ocrx_word' id='word_1_104' title='bbox 835 1010 874 1082; x_wconf 78' lang='lat' dir='ltr'><strong>(et</strong></span> <span class='ocrx_word' id='word_1_105' title='bbox 884 1008 964 1065; x_wconf 85' lang='lat' dir='ltr'><strong>vide·</strong></span> <span class='ocrx_word' id='word_1_106' title='bbox 1019 1010 1192 1084; x_wconf 74' lang='lat' dir='ltr'><strong>longinquis</strong></span> <span class='ocrx_word' id='word_1_107' title='bbox 1204 1010 1258 1066; x_wconf 90' lang='lat' dir='ltr'><strong>viri</strong></span> <span class='ocrx_word' id='word_1_108' title='bbox 1276 1009 1374 1082; x_wconf 87' lang='lat' dir='ltr'><strong>magni</strong></span> <span class='ocrx_word' id='word_1_109' title='bbox 1390 1013 1419 1065; x_wconf 89' lang='lat' dir='ltr'><strong>ot</strong></span> <span class='ocrx_word' id='word_1_110' title='bbox 1429 1008 1542 1066; x_wconf 90' lang='lat' dir='ltr'><strong>nobiles</strong></span> <span class='ocrx_word' id='word_1_111' title='bbox 1554 1014 1588 1068; x_wconf 94' lang='lat' dir='ltr'><strong>ut</strong></span> <span class='ocrx_word' id='word_1_112' title='bbox 1598 1009 1628 1064; x_wconf 90' lang='lat' dir='ltr'><strong>in</strong></span> <span class='ocrx_word' id='word_1_113' title='bbox 1639 1008 1848 1067; x_wconf 83' lang='lat' dir='ltr'><strong>ooueortiono·</strong></span> 
     </span>
     <span class='ocr_line' id='line_1_10' title="bbox 15 1095 1849 1171; baseline -0.002 -17"><span class='ocrx_word' id='word_1_114' title='bbox 15 1148 19 1154; x_wconf 86' lang='lat'><strong>.</strong></span> <span class='ocrx_word' id='word_1_115' title='bbox 137 1097 966 1171; x_wconf 82' lang='lat' dir='ltr'><strong>buturuobisslmiliterquoditaiooersdebsbat‚quis</strong></span> <span class='ocrx_word' id='word_1_116' title='bbox 1020 1105 1079 1155; x_wconf 87' lang='lat' dir='ltr'><strong>stro</strong></span> <span class='ocrx_word' id='word_1_117' title='bbox 1094 1115 1144 1156; x_wconf 87' lang='lat' dir='ltr'><strong>eos</strong></span> <span class='ocrx_word' id='word_1_118' title='bbox 1155 1097 1362 1171; x_wconf 80' lang='lat' dir='ltr'><strong>reciperemus,</strong></span> <span class='ocrx_word' id='word_1_119' title='bbox 1379 1096 1505 1168; x_wconf 85' lang='lat' dir='ltr'><strong>benigno</strong></span> <span class='ocrx_word' id='word_1_120' title='bbox 1520 1111 1573 1167; x_wconf 87' lang='lat' dir='ltr'><strong>per</strong></span> <span class='ocrx_word' id='word_1_121' title='bbox 1592 1095 1707 1152; x_wconf 87' lang='lat' dir='ltr'><strong>litteras</strong></span> <span class='ocrx_word' id='word_1_122' title='bbox 1730 1111 1802 1151; x_wconf 87' lang='lat' dir='ltr'><strong>susa</strong></span> <span class='ocrx_word' id='word_1_123' title='bbox 1821 1099 1849 1150; x_wconf 90' lang='lat' dir='ltr'><strong>ot</strong></span> 
     </span>
    </p>
   </div>
   <div class='ocr_carea' id='block_1_6' title="bbox 139 1183 1848 1261">
    <p class='ocr_par' dir='ltr' id='par_1_7' title="bbox 139 1183 1848 1261">
     <span class='ocr_line' id='line_1_11' title="bbox 139 1183 1848 1261; baseline -0.004 -17"><span class='ocrx_word' id='word_1_124' title='bbox 139 1187 345 1244; x_wconf 85' lang='lat' dir='ltr'><strong>mandavimus</strong></span> <span class='ocrx_word' id='word_1_125' title='bbox 356 1193 473 1259; x_wconf 82' lang='lat' dir='ltr'><strong>gentem</strong></span> <span class='ocrx_word' id='word_1_126' title='bbox 495 1189 642 1261; x_wconf 86' lang='lat' dir='ltr'><strong>copiosam</strong></span> <span class='ocrx_word' id='word_1_127' title='bbox 658 1189 694 1243; x_wconf 90' lang='lat' dir='ltr'><strong>de</strong></span> <span class='ocrx_word' id='word_1_128' title='bbox 712 1187 798 1243; x_wconf 85' lang='lat' dir='ltr'><strong>terrie</strong></span> <span class='ocrx_word' id='word_1_129' title='bbox 812 1192 965 1244; x_wconf 81' lang='lat' dir='ltr'><strong>extraneo·</strong></span> <span class='ocrx_word' id='word_1_130' title='bbox 1019 1189 1140 1246; x_wconf 89' lang='lat' dir='ltr'><strong>nuutios</strong></span> <span class='ocrx_word' id='word_1_131' title='bbox 1155 1187 1387 1260; x_wconf 75' lang='lat' dir='ltr'><strong>postulaverunt,</strong></span> <span class='ocrx_word' id='word_1_132' title='bbox 1404 1202 1478 1259; x_wconf 90' lang='lat' dir='ltr'><strong>quos</strong></span> <span class='ocrx_word' id='word_1_133' title='bbox 1494 1202 1547 1258; x_wconf 86' lang='lat' dir='ltr'><strong>pro</strong></span> <span class='ocrx_word' id='word_1_134' title='bbox 1566 1183 1713 1258; x_wconf 77' lang='lat' dir='ltr'><strong>prodistis</strong></span> <span class='ocrx_word' id='word_1_135' title='bbox 1735 1183 1848 1239; x_wconf 89' lang='lat' dir='ltr'><strong>ineom·</strong></span> 
     </span>
    </p>
   </div>
   <div class='ocr_carea' id='block_1_7' title="bbox 15 1272 1848 1350">
    <p class='ocr_par' dir='ltr' id='par_1_8' title="bbox 15 1272 1848 1350">
     <span class='ocr_line' id='line_1_12' title="bbox 15 1272 1848 1350; baseline -0.002 -17"><span class='ocrx_word' id='word_1_136' title='bbox 15 1273 17 1280; x_wconf 78' lang='grc'>’</span> <span class='ocrx_word' id='word_1_137' title='bbox 137 1278 534 1341; x_wconf 80' lang='lat' dir='ltr'><strong>rumadsueouromterrre</strong></span> <span class='ocrx_word' id='word_1_138' title='bbox 558 1278 676 1344; x_wconf 77' lang='lat' dir='ltr'><strong>nostru)</strong></span> <span class='ocrx_word' id='word_1_139' title='bbox 702 1280 732 1332; x_wconf 89' lang='lat' dir='ltr'><strong>et</strong></span> <span class='ocrx_word' id='word_1_140' title='bbox 754 1276 890 1347; x_wconf 79' lang='lat' dir='ltr'><strong>promisit</strong></span> <span class='ocrx_word' id='word_1_141' title='bbox 913 1290 964 1331; x_wconf 92' lang='lat' dir='ltr'><strong>no·</strong></span> <span class='ocrx_word' id='word_1_142' title='bbox 1019 1278 1115 1334; x_wconf 88' lang='lat' dir='ltr'><strong>modis</strong></span> <span class='ocrx_word' id='word_1_143' title='bbox 1140 1274 1380 1350; x_wconf 70' lang='lat' dir='ltr'><strong>supermandatis</strong></span> <span class='ocrx_word' id='word_1_144' title='bbox 1403 1275 1467 1333; x_wconf 91' lang='lat' dir='ltr'><strong>suis</strong></span> <span class='ocrx_word' id='word_1_145' title='bbox 1487 1274 1584 1331; x_wconf 86' lang='lat' dir='ltr'><strong>adhue</strong></span> <span class='ocrx_word' id='word_1_146' title='bbox 1608 1272 1769 1333; x_wconf 85' lang='lat' dir='ltr'><strong>oertiiiears</strong></span> <span class='ocrx_word' id='word_1_147' title='bbox 1790 1290 1848 1330; x_wconf 90' lang='lat' dir='ltr'><strong>non</strong></span> 
     </span>
    </p>
   </div>
   <div class='ocr_carea' id='block_1_8' title="bbox 137 1362 1849 1975">
    <p class='ocr_par' dir='ltr' id='par_1_9' title="bbox 137 1362 1190 1440">
     <span class='ocr_line' id='line_1_13' title="bbox 137 1362 1190 1440; baseline -0.002 -17"><span class='ocrx_word' id='word_1_148' title='bbox 137 1365 289 1438; x_wconf 86' lang='lat' dir='ltr'><strong>bisqu0d‚</strong></span> <span class='ocrx_word' id='word_1_149' title='bbox 310 1367 335 1422; x_wconf 87' lang='lat' dir='ltr'><strong>si</strong></span> <span class='ocrx_word' id='word_1_150' title='bbox 360 1382 410 1425; x_wconf 86' lang='lat' dir='ltr'><strong>eoa</strong></span> <span class='ocrx_word' id='word_1_151' title='bbox 446 1383 581 1425; x_wconf 81' lang='lat' dir='ltr'><strong>reverere</strong></span> <span class='ocrx_word' id='word_1_152' title='bbox 604 1365 758 1432; x_wconf 80' lang='lat' dir='ltr'><strong>vellemus,</strong></span> <span class='ocrx_word' id='word_1_153' title='bbox 789 1381 847 1421; x_wconf 89' lang='lat' dir='ltr'><strong>nun</strong></span> <span class='ocrx_word' id='word_1_154' title='bbox 867 1362 964 1424; x_wconf 84' lang='lat' dir='ltr'><strong>sulum</strong></span> <span class='ocrx_word' id='word_1_155' title='bbox 1019 1382 1190 1440; x_wconf 88' lang='lat' dir='ltr'><strong>possumus.</strong></span> 
     </span>
    </p>

    <p class='ocr_par' dir='ltr' id='par_1_10' title="bbox 138 1451 1849 1524">
     <span class='ocr_line' id='line_1_14' title="bbox 138 1451 1849 1524; baseline -0.002 -13"><span class='ocrx_word' id='word_1_156' title='bbox 138 1455 316 1511; x_wconf 77' lang='lat' dir='ltr'><strong>suostantiam</strong></span> <span class='ocrx_word' id='word_1_157' title='bbox 333 1454 646 1512; x_wconf 83' lang='lat' dir='ltr'><strong>exeommunicatiouio</strong></span> <span class='ocrx_word' id='word_1_158' title='bbox 661 1454 691 1509; x_wconf 91' lang='lat' dir='ltr'><strong>in</strong></span> <span class='ocrx_word' id='word_1_159' title='bbox 707 1468 758 1509; x_wconf 92' lang='lat' dir='ltr'><strong>eos</strong></span> <span class='ocrx_word' id='word_1_160' title='bbox 772 1451 904 1521; x_wconf 79' lang='lat' dir='ltr'><strong>inferret,</strong></span> <span class='ocrx_word' id='word_1_161' title='bbox 915 1467 965 1508; x_wconf 87' lang='lat' dir='ltr'><strong>ve·</strong></span> <span class='ocrx_word' id='word_1_162' title='bbox 1055 1456 1204 1524; x_wconf 79' lang='lat' dir='ltr'><strong>Praeterea,</strong></span> <span class='ocrx_word' id='word_1_163' title='bbox 1221 1458 1303 1510; x_wconf 81' lang='lat' dir='ltr'><strong>Pater</strong></span> <span class='ocrx_word' id='word_1_164' title='bbox 1319 1453 1484 1523; x_wconf 85' lang='lat' dir='ltr'><strong>reverende,</strong></span> <span class='ocrx_word' id='word_1_165' title='bbox 1499 1453 1530 1508; x_wconf 95' lang='lat' dir='ltr'><strong>ln</strong></span> <span class='ocrx_word' id='word_1_166' title='bbox 1551 1452 1707 1524; x_wconf 72' lang='lat' dir='ltr'><strong>presentia</strong></span> <span class='ocrx_word' id='word_1_167' title='bbox 1715 1451 1849 1524; x_wconf 79' lang='lat' dir='ltr'><strong>prodisti</strong></span> 
     </span>
    </p>

    <p class='ocr_par' dir='ltr' id='par_1_11' title="bbox 139 1541 1848 1617">
     <span class='ocr_line' id='line_1_15' title="bbox 139 1541 1848 1617; baseline -0.001 -18"><span class='ocrx_word' id='word_1_168' title='bbox 139 1560 204 1599; x_wconf 89' lang='lat' dir='ltr'><strong>rum</strong></span> <span class='ocrx_word' id='word_1_169' title='bbox 222 1544 311 1600; x_wconf 82' lang='lat' dir='ltr'><strong>etism</strong></span> <span class='ocrx_word' id='word_1_170' title='bbox 337 1543 367 1599; x_wconf 91' lang='lat' dir='ltr'><strong>ln</strong></span> <span class='ocrx_word' id='word_1_171' title='bbox 384 1548 528 1617; x_wconf 87' lang='lat' dir='ltr'><strong>quantum</strong></span> <span class='ocrx_word' id='word_1_172' title='bbox 542 1546 651 1616; x_wconf 84' lang='lat' dir='ltr'><strong>posset,</strong></span> <span class='ocrx_word' id='word_1_173' title='bbox 668 1541 965 1609; x_wconf 85' lang='lat' dir='ltr'><strong>eioresisteret,unde</strong></span> <span class='ocrx_word' id='word_1_174' title='bbox 1018 1545 1118 1604; x_wconf 80' lang='lat' dir='ltr'><strong>fratris</strong></span> <span class='ocrx_word' id='word_1_175' title='bbox 1133 1541 1297 1611; x_wconf 89' lang='lat' dir='ltr'><strong>Willielrnl,</strong></span> <span class='ocrx_word' id='word_1_176' title='bbox 1308 1542 1397 1601; x_wconf 87' lang='lat' dir='ltr'><strong>rostri</strong></span> <span class='ocrx_word' id='word_1_177' title='bbox 1409 1541 1575 1610; x_wconf 75' lang='lat' dir='ltr'><strong>familiaris,</strong></span> <span class='ocrx_word' id='word_1_178' title='bbox 1588 1557 1641 1598; x_wconf 90' lang='lat' dir='ltr'><strong>neo</strong></span> <span class='ocrx_word' id='word_1_179' title='bbox 1653 1558 1710 1598; x_wconf 90' lang='lat' dir='ltr'><strong>nou</strong></span> <span class='ocrx_word' id='word_1_180' title='bbox 1721 1545 1848 1612; x_wconf 81' lang='lat' dir='ltr'><strong>ottreue·</strong></span> 
     </span>
    </p>

    <p class='ocr_par' dir='ltr' id='par_1_12' title="bbox 145 1629 1848 1797">
     <span class='ocr_line' id='line_1_16' title="bbox 145 1629 1848 1706; baseline -0.001 -19"><span class='ocrx_word' id='word_1_181' title='bbox 145 1638 262 1705; x_wconf 85' lang='lat' dir='ltr'><strong>gentem</strong></span> <span class='ocrx_word' id='word_1_182' title='bbox 276 1637 405 1689; x_wconf 86' lang='lat' dir='ltr'><strong>nostram</strong></span> <span class='ocrx_word' id='word_1_183' title='bbox 419 1634 630 1690; x_wconf 73' lang='lat' dir='ltr'><strong>resonavimus.</strong></span> <span class='ocrx_word' id='word_1_184' title='bbox 1019 1633 1158 1691; x_wconf 91' lang='lat' dir='ltr'><strong>rabilium</strong></span> <span class='ocrx_word' id='word_1_185' title='bbox 1183 1633 1309 1691; x_wconf 82' lang='lat' dir='ltr'><strong>instrum</strong></span> <span class='ocrx_word' id='word_1_186' title='bbox 1332 1631 1548 1706; x_wconf 73' lang='lat' dir='ltr'><strong>wigorniensis</strong></span> <span class='ocrx_word' id='word_1_187' title='bbox 1582 1636 1611 1689; x_wconf 89' lang='lat' dir='ltr'><strong>st</strong></span> <span class='ocrx_word' id='word_1_188' title='bbox 1640 1629 1848 1689; x_wconf 81' lang='lat' dir='ltr'><strong>Goreutronsis</strong></span> 
     </span>
     <span class='ocr_line' id='line_1_17' title="bbox 174 1720 1847 1797; baseline 0.001 -21"><span class='ocrx_word' id='word_1_189' title='bbox 174 1722 367 1778; x_wconf 87' lang='lat' dir='ltr'><strong>Postmodum</strong></span> <span class='ocrx_word' id='word_1_190' title='bbox 378 1727 477 1778; x_wconf 86' lang='lat' dir='ltr'><strong>sutem</strong></span> <span class='ocrx_word' id='word_1_191' title='bbox 490 1722 655 1779; x_wconf 88' lang='lat' dir='ltr'><strong>obtulimus</strong></span> <span class='ocrx_word' id='word_1_192' title='bbox 666 1722 902 1797; x_wconf 86' lang='lat' dir='ltr'><strong>ois‚perlitteros</strong></span> <span class='ocrx_word' id='word_1_193' title='bbox 913 1737 964 1777; x_wconf 92' lang='lat' dir='ltr'><strong>no·</strong></span> <span class='ocrx_word' id='word_1_194' title='bbox 1021 1724 1240 1797; x_wconf 78' lang='lat' dir='ltr'><strong>opiscoporum,</strong></span> <span class='ocrx_word' id='word_1_195' title='bbox 1253 1721 1415 1778; x_wconf 90' lang='lat' dir='ltr'><strong>obtulimus</strong></span> <span class='ocrx_word' id='word_1_196' title='bbox 1429 1720 1576 1794; x_wconf 77' lang='lat' dir='ltr'><strong>predictis</strong></span> <span class='ocrx_word' id='word_1_197' title='bbox 1585 1720 1759 1786; x_wconf 79' lang='lat' dir='ltr'><strong>baronibus,</strong></span> <span class='ocrx_word' id='word_1_198' title='bbox 1769 1720 1847 1792; x_wconf 75' lang='lat' dir='ltr'><strong>quod</strong></span> 
     </span>
    </p>

    <p class='ocr_par' dir='ltr' id='par_1_13' title="bbox 147 1810 1848 1885">
     <span class='ocr_line' id='line_1_18' title="bbox 147 1810 1848 1885; baseline -0.002 -17"><span class='ocrx_word' id='word_1_199' title='bbox 147 1817 224 1868; x_wconf 88' lang='lat' dir='ltr'><strong>strae</strong></span> <span class='ocrx_word' id='word_1_200' title='bbox 239 1816 384 1884; x_wconf 83' lang='lat' dir='ltr'><strong>petentes,</strong></span> <span class='ocrx_word' id='word_1_201' title='bbox 408 1827 460 1884; x_wconf 89' lang='lat' dir='ltr'><strong>per</strong></span> <span class='ocrx_word' id='word_1_202' title='bbox 483 1812 636 1868; x_wconf 88' lang='lat' dir='ltr'><strong>dominum</strong></span> <span class='ocrx_word' id='word_1_203' title='bbox 656 1812 897 1870; x_wconf 79' lang='lat' dir='ltr'><strong>cantuariensem</strong></span> <span class='ocrx_word' id='word_1_204' title='bbox 920 1827 967 1867; x_wconf 90' lang='lat' dir='ltr'><strong>sr·</strong></span> <span class='ocrx_word' id='word_1_205' title='bbox 1021 1810 1848 1885; x_wconf 83' lang='lat' dir='ltr'><strong>deomnibus&#39;pstitionibusauis,quasanubiserigunt,</strong></span> 
     </span>
    </p>

    <p class='ocr_par' dir='ltr' id='par_1_14' title="bbox 144 1897 1848 1975">
     <span class='ocr_line' id='line_1_19' title="bbox 144 1897 1848 1975; baseline -0.002 -18"><span class='ocrx_word' id='word_1_206' title='bbox 144 1901 376 1974; x_wconf 87' lang='lat' dir='ltr'><strong>ebiepisoopum‚</strong></span> <span class='ocrx_word' id='word_1_207' title='bbox 393 1908 423 1957; x_wconf 91' lang='lat' dir='ltr'><strong>st</strong></span> <span class='ocrx_word' id='word_1_208' title='bbox 437 1902 511 1958; x_wconf 91' lang='lat' dir='ltr'><strong>duee</strong></span> <span class='ocrx_word' id='word_1_209' title='bbox 529 1901 574 1958; x_wconf 89' lang='lat' dir='ltr'><strong>vel</strong></span> <span class='ocrx_word' id='word_1_210' title='bbox 599 1907 658 1958; x_wconf 87' lang='lat' dir='ltr'><strong>tres</strong></span> <span class='ocrx_word' id='word_1_211' title='bbox 678 1903 878 1974; x_wconf 78' lang='lat' dir='ltr'><strong>suffraganeos</strong></span> <span class='ocrx_word' id='word_1_212' title='bbox 901 1901 966 1972; x_wconf 80' lang='lat' dir='ltr'><strong>ejus</strong></span> <span class='ocrx_word' id='word_1_213' title='bbox 1020 1904 1050 1962; x_wconf 90' lang='lat' dir='ltr'><strong>in</strong></span> <span class='ocrx_word' id='word_1_214' title='bbox 1065 1920 1117 1961; x_wconf 82' lang='lat' dir='ltr'><strong>vos</strong></span> <span class='ocrx_word' id='word_1_215' title='bbox 1128 1900 1342 1975; x_wconf 87' lang='lat' dir='ltr'><strong>benignissime</strong></span> <span class='ocrx_word' id='word_1_216' title='bbox 1357 1900 1676 1972; x_wconf 84' lang='lat' dir='ltr'><strong>eompromitteremno,</strong></span> <span class='ocrx_word' id='word_1_217' title='bbox 1688 1903 1783 1957; x_wconf 83' lang='lat' dir='ltr'><strong>utros</strong></span> <span class='ocrx_word' id='word_1_218' title='bbox 1795 1897 1848 1971; x_wconf 87' lang='lat' dir='ltr'><strong>qul</strong></span> 
     </span>
    </p>
   </div>
   <div class='ocr_carea' id='block_1_9' title="bbox 21 1988 1849 2066">
    <p class='ocr_par' dir='ltr' id='par_1_15' title="bbox 21 1988 1849 2066">
     <span class='ocr_line' id='line_1_20' title="bbox 21 1988 1849 2066; baseline 0.001 -19"><span class='ocrx_word' id='word_1_219' title='bbox 21 2006 24 2011; x_wconf 88' lang='lat'>·</span> <span class='ocrx_word' id='word_1_220' title='bbox 144 1990 187 2047; x_wconf 88' lang='lat' dir='ltr'><strong>eis</strong></span> <span class='ocrx_word' id='word_1_221' title='bbox 202 1991 325 2061; x_wconf 85' lang='lat' dir='ltr'><strong>delatos,</strong></span> <span class='ocrx_word' id='word_1_222' title='bbox 337 1993 415 2063; x_wconf 92' lang='lat' dir='ltr'><strong>quod</strong></span> <span class='ocrx_word' id='word_1_223' title='bbox 432 2008 486 2048; x_wconf 87' lang='lat' dir='ltr'><strong>noe</strong></span> <span class='ocrx_word' id='word_1_224' title='bbox 508 1991 684 2064; x_wconf 74' lang='lat' dir='ltr'><strong>eligeremus</strong></span> <span class='ocrx_word' id='word_1_225' title='bbox 707 2009 742 2048; x_wconf 80' lang='lat' dir='ltr'><strong>ex</strong></span> <span class='ocrx_word' id='word_1_226' title='bbox 760 1996 843 2064; x_wconf 89' lang='lat' dir='ltr'><strong>parto</strong></span> <span class='ocrx_word' id='word_1_227' title='bbox 867 1995 967 2048; x_wconf 88' lang='lat' dir='ltr'><strong>nostra</strong></span> <span class='ocrx_word' id='word_1_228' title='bbox 1020 1991 1202 2066; x_wconf 81' lang='lat' dir='ltr'><strong>plenitudino</strong></span> <span class='ocrx_word' id='word_1_229' title='bbox 1215 1990 1351 2064; x_wconf 90' lang='lat' dir='ltr'><strong>gaudetis</strong></span> <span class='ocrx_word' id='word_1_230' title='bbox 1367 1990 1532 2063; x_wconf 86' lang='lat' dir='ltr'><strong>potestatis,</strong></span> <span class='ocrx_word' id='word_1_231' title='bbox 1547 1989 1626 2063; x_wconf 86' lang='lat' dir='ltr'><strong>quod</strong></span> <span class='ocrx_word' id='word_1_232' title='bbox 1639 1990 1755 2060; x_wconf 76' lang='lat' dir='ltr'><strong>jusstunr</strong></span> <span class='ocrx_word' id='word_1_233' title='bbox 1772 1988 1849 2049; x_wconf 80' lang='lat' dir='ltr'><strong>toret</strong></span> 
     </span>
    </p>
   </div>
   <div class='ocr_carea' id='block_1_10' title="bbox 58 2079 1848 2805">
    <p class='ocr_par' dir='ltr' id='par_1_16' title="bbox 58 2079 1848 2599">
     <span class='ocr_line' id='line_1_21' title="bbox 144 2079 1712 2154; baseline -0.001 -19"><span class='ocrx_word' id='word_1_234' title='bbox 144 2085 282 2152; x_wconf 87' lang='lat' dir='ltr'><strong>quatuor,</strong></span> <span class='ocrx_word' id='word_1_235' title='bbox 293 2085 323 2136; x_wconf 90' lang='lat' dir='ltr'><strong>at</strong></span> <span class='ocrx_word' id='word_1_236' title='bbox 337 2081 394 2152; x_wconf 87' lang='lat' dir='ltr'><strong>ipsi</strong></span> <span class='ocrx_word' id='word_1_237' title='bbox 409 2097 444 2137; x_wconf 83' lang='lat' dir='ltr'><strong>ex</strong></span> <span class='ocrx_word' id='word_1_238' title='bbox 454 2085 537 2153; x_wconf 90' lang='lat' dir='ltr'><strong>parte</strong></span> <span class='ocrx_word' id='word_1_239' title='bbox 551 2097 606 2140; x_wconf 87' lang='lat' dir='ltr'><strong>sus</strong></span> <span class='ocrx_word' id='word_1_240' title='bbox 620 2085 759 2154; x_wconf 82' lang='lat' dir='ltr'><strong>quatuor,</strong></span> <span class='ocrx_word' id='word_1_241' title='bbox 769 2081 811 2138; x_wconf 91' lang='lat' dir='ltr'><strong>ita</strong></span> <span class='ocrx_word' id='word_1_242' title='bbox 821 2081 899 2153; x_wconf 89' lang='lat' dir='ltr'><strong>quod</strong></span> <span class='ocrx_word' id='word_1_243' title='bbox 915 2096 966 2137; x_wconf 89' lang='lat' dir='ltr'><strong>vos</strong></span> <span class='ocrx_word' id='word_1_244' title='bbox 1019 2079 1200 2149; x_wconf 85' lang='lat' dir='ltr'><strong>statueretis,</strong></span> <span class='ocrx_word' id='word_1_245' title='bbox 1214 2080 1319 2137; x_wconf 85' lang='lat' dir='ltr'><strong>ethroe</strong></span> <span class='ocrx_word' id='word_1_246' title='bbox 1334 2079 1434 2139; x_wconf 86' lang='lat' dir='ltr'><strong>omnis</strong></span> <span class='ocrx_word' id='word_1_247' title='bbox 1448 2079 1564 2136; x_wconf 84' lang='lat' dir='ltr'><strong>elileere</strong></span> <span class='ocrx_word' id='word_1_248' title='bbox 1574 2083 1712 2136; x_wconf 74' lang='lat' dir='ltr'><strong>manunt.</strong></span> 
     </span>
     <span class='ocr_line' id='line_1_22' title="bbox 58 2165 1848 2243; baseline 0 -20"><span class='ocrx_word' id='word_1_249' title='bbox 58 2204 70 2223; x_wconf 46' lang='lat' dir='ltr'><strong>r</strong></span> <span class='ocrx_word' id='word_1_250' title='bbox 143 2169 310 2241; x_wconf 85' lang='lat' dir='ltr'><strong>superiores</strong></span> <span class='ocrx_word' id='word_1_251' title='bbox 325 2169 577 2226; x_wconf 82' lang='lat' dir='ltr'><strong>eonstituererulni</strong></span> <span class='ocrx_word' id='word_1_252' title='bbox 593 2171 629 2227; x_wconf 91' lang='lat' dir='ltr'><strong>de</strong></span> <span class='ocrx_word' id='word_1_253' title='bbox 644 2171 782 2226; x_wconf 91' lang='lat' dir='ltr'><strong>omnibus</strong></span> <span class='ocrx_word' id='word_1_254' title='bbox 795 2168 965 2242; x_wconf 88' lang='lat' dir='ltr'><strong>quarelieli·</strong></span> <span class='ocrx_word' id='word_1_255' title='bbox 1056 2172 1161 2243; x_wconf 84' lang='lat' dir='ltr'><strong>igitur,</strong></span> <span class='ocrx_word' id='word_1_256' title='bbox 1178 2169 1225 2242; x_wconf 85' lang='lat' dir='ltr'><strong>pie</strong></span> <span class='ocrx_word' id='word_1_257' title='bbox 1240 2173 1336 2240; x_wconf 79' lang='lat' dir='ltr'><strong>Peter,</strong></span> <span class='ocrx_word' id='word_1_258' title='bbox 1352 2166 1543 2225; x_wconf 88' lang='lat' dir='ltr'><strong>dominationi</strong></span> <span class='ocrx_word' id='word_1_259' title='bbox 1558 2172 1663 2225; x_wconf 80' lang='lat' dir='ltr'><strong>vestros</strong></span> <span class='ocrx_word' id='word_1_260' title='bbox 1690 2165 1848 2240; x_wconf 76' lang='lat' dir='ltr'><strong>presentis</strong></span> 
     </span>
     <span class='ocr_line' id='line_1_23' title="bbox 141 2255 1848 2331; baseline 0.002 -17"><span class='ocrx_word' id='word_1_261' title='bbox 141 2258 288 2314; x_wconf 85' lang='lat' dir='ltr'><strong>bortaturn</strong></span> <span class='ocrx_word' id='word_1_262' title='bbox 305 2275 380 2331; x_wconf 87' lang='lat' dir='ltr'><strong>quae</strong></span> <span class='ocrx_word' id='word_1_263' title='bbox 395 2259 454 2331; x_wconf 90' lang='lat' dir='ltr'><strong>lpei</strong></span> <span class='ocrx_word' id='word_1_264' title='bbox 475 2264 681 2331; x_wconf 84' lang='lat' dir='ltr'><strong>proponerent,</strong></span> <span class='ocrx_word' id='word_1_265' title='bbox 708 2265 737 2316; x_wconf 90' lang='lat' dir='ltr'><strong>et</strong></span> <span class='ocrx_word' id='word_1_266' title='bbox 761 2260 796 2315; x_wconf 86' lang='lat' dir='ltr'><strong>sd</strong></span> <span class='ocrx_word' id='word_1_267' title='bbox 821 2275 892 2318; x_wconf 87' lang='lat' dir='ltr'><strong>sues</strong></span> <span class='ocrx_word' id='word_1_268' title='bbox 912 2274 966 2314; x_wconf 92' lang='lat' dir='ltr'><strong>nos</strong></span> <span class='ocrx_word' id='word_1_269' title='bbox 1018 2260 1158 2317; x_wconf 84' lang='lat' dir='ltr'><strong>duximus</strong></span> <span class='ocrx_word' id='word_1_270' title='bbox 1173 2258 1359 2327; x_wconf 76' lang='lat' dir='ltr'><strong>desistendo,</strong></span> <span class='ocrx_word' id='word_1_271' title='bbox 1385 2262 1418 2314; x_wconf 93' lang='lat' dir='ltr'><strong>ut</strong></span> <span class='ocrx_word' id='word_1_272' title='bbox 1441 2258 1477 2314; x_wconf 91' lang='lat' dir='ltr'><strong>de</strong></span> <span class='ocrx_word' id='word_1_273' title='bbox 1500 2261 1642 2315; x_wconf 83' lang='lat' dir='ltr'><strong>oonsusts</strong></span> <span class='ocrx_word' id='word_1_274' title='bbox 1665 2255 1848 2329; x_wconf 80' lang='lat' dir='ltr'><strong>benignitate</strong></span> 
     </span>
     <span class='ocr_line' id='line_1_24' title="bbox 141 2345 1847 2422; baseline -0.002 -20"><span class='ocrx_word' id='word_1_275' title='bbox 141 2346 624 2422; x_wconf 86' lang='lat' dir='ltr'><strong>responderemusquodquidquid</strong></span> <span class='ocrx_word' id='word_1_276' title='bbox 634 2365 686 2405; x_wconf 89' lang='lat' dir='ltr'><strong>vos</strong></span> <span class='ocrx_word' id='word_1_277' title='bbox 696 2346 965 2404; x_wconf 86' lang='lat' dir='ltr'><strong>nneoumillisooto</strong></span> <span class='ocrx_word' id='word_1_278' title='bbox 1018 2356 1126 2420; x_wconf 82' lang='lat' dir='ltr'><strong>restra,</strong></span> <span class='ocrx_word' id='word_1_279' title='bbox 1142 2349 1220 2421; x_wconf 87' lang='lat' dir='ltr'><strong>quod</strong></span> <span class='ocrx_word' id='word_1_280' title='bbox 1235 2347 1320 2405; x_wconf 89' lang='lat' dir='ltr'><strong>nobis</strong></span> <span class='ocrx_word' id='word_1_281' title='bbox 1335 2346 1469 2405; x_wconf 81' lang='lat' dir='ltr'><strong>videritis</strong></span> <span class='ocrx_word' id='word_1_282' title='bbox 1483 2347 1631 2419; x_wconf 79' lang='lat' dir='ltr'><strong>expedire,</strong></span> <span class='ocrx_word' id='word_1_283' title='bbox 1646 2345 1715 2404; x_wconf 90' lang='lat' dir='ltr'><strong>inde</strong></span> <span class='ocrx_word' id='word_1_284' title='bbox 1730 2350 1847 2403; x_wconf 77' lang='lat' dir='ltr'><strong>status·</strong></span> 
     </span>
     <span class='ocr_line' id='line_1_25' title="bbox 141 2436 1066 2510; baseline 0.003 -19"><span class='ocrx_word' id='word_1_285' title='bbox 141 2436 315 2507; x_wconf 69' lang='lat' dir='ltr'><strong>statueritis,</strong></span> <span class='ocrx_word' id='word_1_286' title='bbox 326 2452 416 2508; x_wconf 85' lang='lat' dir='ltr'><strong>super</strong></span> <span class='ocrx_word' id='word_1_287' title='bbox 429 2438 570 2494; x_wconf 88' lang='lat' dir='ltr'><strong>omnibus</strong></span> <span class='ocrx_word' id='word_1_288' title='bbox 585 2454 649 2510; x_wconf 80' lang='lat' dir='ltr'><strong>quo</strong></span> <span class='ocrx_word' id='word_1_289' title='bbox 664 2438 722 2510; x_wconf 88' lang='lat' dir='ltr'><strong>ipsi</strong></span> <span class='ocrx_word' id='word_1_290' title='bbox 735 2441 867 2509; x_wconf 87' lang='lat' dir='ltr'><strong>paterent</strong></span> <span class='ocrx_word' id='word_1_291' title='bbox 881 2453 898 2493; x_wconf 84' lang='lat' dir='ltr'><strong>a</strong></span> <span class='ocrx_word' id='word_1_292' title='bbox 913 2453 965 2493; x_wconf 79' lang='lat' dir='ltr'><strong>no·</strong></span> <span class='ocrx_word' id='word_1_293' title='bbox 1018 2438 1066 2496; x_wconf 90' lang='lat' dir='ltr'><strong>tis.</strong></span> 
     </span>
     <span class='ocr_line' id='line_1_26' title="bbox 142 2522 1754 2599; baseline 0 -18"><span class='ocrx_word' id='word_1_294' title='bbox 142 2524 188 2581; x_wconf 91' lang='lat' dir='ltr'><strong>bis</strong></span> <span class='ocrx_word' id='word_1_295' title='bbox 203 2542 258 2583; x_wconf 87' lang='lat' dir='ltr'><strong>uos</strong></span> <span class='ocrx_word' id='word_1_296' title='bbox 272 2533 387 2597; x_wconf 87' lang='lat' dir='ltr'><strong>gratum</strong></span> <span class='ocrx_word' id='word_1_297' title='bbox 403 2526 580 2582; x_wconf 82' lang='lat' dir='ltr'><strong>haberemus</strong></span> <span class='ocrx_word' id='word_1_298' title='bbox 594 2531 624 2583; x_wconf 86' lang='lat' dir='ltr'><strong>st</strong></span> <span class='ocrx_word' id='word_1_299' title='bbox 638 2532 815 2584; x_wconf 86' lang='lat' dir='ltr'><strong>teneremus.</strong></span> <span class='ocrx_word' id='word_1_300' title='bbox 1053 2527 1139 2585; x_wconf 83' lang='lat' dir='ltr'><strong>&#39;leste</strong></span> <span class='ocrx_word' id='word_1_301' title='bbox 1152 2526 1275 2599; x_wconf 85' lang='lat' dir='ltr'><strong>meipso,</strong></span> <span class='ocrx_word' id='word_1_302' title='bbox 1291 2526 1370 2598; x_wconf 86' lang='lat' dir='ltr'><strong>opud</strong></span> <span class='ocrx_word' id='word_1_303' title='bbox 1384 2525 1519 2592; x_wconf 81' lang='lat' dir='ltr'><strong>(idibem,</strong></span> <span class='ocrx_word' id='word_1_304' title='bbox 1534 2541 1600 2583; x_wconf 80' lang='lat' dir='ltr'><strong>urs</strong></span> <span class='ocrx_word' id='word_1_305' title='bbox 1612 2524 1660 2582; x_wconf 89' lang='lat' dir='ltr'><strong>dis</strong></span> <span class='ocrx_word' id='word_1_306' title='bbox 1673 2522 1754 2582; x_wconf 83' lang='lat' dir='ltr'><strong>llsil.</strong></span> 
     </span>
    </p>

    <p class='ocr_par' dir='ltr' id='par_1_17' title="bbox 143 2615 1847 2805">
     <span class='ocr_line' id='line_1_27' title="bbox 181 2615 1457 2697; baseline 0.004 -28"><span class='ocrx_word' id='word_1_307' title='bbox 181 2619 216 2670; x_wconf 77' lang='lat' dir='ltr'><strong>lit</strong></span> <span class='ocrx_word' id='word_1_308' title='bbox 231 2615 368 2686; x_wconf 87' lang='lat' dir='ltr'><strong>quemvis</strong></span> <span class='ocrx_word' id='word_1_309' title='bbox 383 2631 414 2671; x_wconf 90' lang='lat' dir='ltr'><strong>se</strong></span> <span class='ocrx_word' id='word_1_310' title='bbox 426 2615 584 2673; x_wconf 86' lang='lat' dir='ltr'><strong>humiliore</strong></span> <span class='ocrx_word' id='word_1_311' title='bbox 600 2616 759 2672; x_wconf 86' lang='lat' dir='ltr'><strong>noluerunt</strong></span> <span class='ocrx_word' id='word_1_312' title='bbox 781 2631 885 2673; x_wconf 85' lang='lat' dir='ltr'><strong>versuo</strong></span> <span class='ocrx_word' id='word_1_313' title='bbox 911 2632 966 2673; x_wconf 89' lang='lat' dir='ltr'><strong>nos</strong></span> <span class='ocrx_word' id='word_1_314' title='bbox 1393 2640 1457 2697; x_wconf 70' lang='grc' dir='ltr'><strong>χχΙ</strong></span> 
     </span>
     <span class='ocr_line' id='line_1_28' title="bbox 143 2683 1847 2805; baseline 0.001 -46"><span class='ocrx_word' id='word_1_315' title='bbox 143 2703 222 2759; x_wconf 90' lang='lat' dir='ltr'><strong>slout</strong></span> <span class='ocrx_word' id='word_1_316' title='bbox 235 2703 412 2770; x_wconf 85' lang='lat' dir='ltr'><strong>debuerunt,</strong></span> <span class='ocrx_word' id='word_1_317' title='bbox 427 2720 480 2761; x_wconf 90' lang='lat' dir='ltr'><strong>uos</strong></span> <span class='ocrx_word' id='word_1_318' title='bbox 495 2709 592 2761; x_wconf 87' lang='lat' dir='ltr'><strong>tamen</strong></span> <span class='ocrx_word' id='word_1_319' title='bbox 602 2721 655 2777; x_wconf 93' lang='lat' dir='ltr'><strong>pro</strong></span> <span class='ocrx_word' id='word_1_320' title='bbox 667 2705 785 2761; x_wconf 85' lang='lat' dir='ltr'><strong>servitio</strong></span> <span class='ocrx_word' id='word_1_321' title='bbox 794 2704 846 2762; x_wconf 85' lang='lat' dir='ltr'><strong>Ilei</strong></span> <span class='ocrx_word' id='word_1_322' title='bbox 856 2710 886 2761; x_wconf 90' lang='lat' dir='ltr'><strong>et</strong></span> <span class='ocrx_word' id='word_1_323' title='bbox 895 2720 965 2761; x_wconf 83' lang='lat' dir='ltr'><strong>suu·</strong></span> <span class='ocrx_word' id='word_1_324' title='bbox 1019 2734 1048 2794; x_wconf 42' lang='lat' dir='ltr'><strong>G·</strong></span> <span class='ocrx_word' id='word_1_325' title='bbox 1064 2734 1166 2805; x_wconf 52' lang='lat' dir='ltr'><strong><em>priori,</em></strong></span> <span class='ocrx_word' id='word_1_326' title='bbox 1187 2683 1469 2787; x_wconf 29' lang='lat' dir='ltr'><strong>ewaldum-3³⁰</strong></span> <span class='ocrx_word' id='word_1_327' title='bbox 1482 2729 1646 2786; x_wconf 51' lang='lat' dir='ltr'><strong>pomerio</strong></span> <span class='ocrx_word' id='word_1_328' title='bbox 1671 2744 1721 2787; x_wconf 56' lang='lat' dir='ltr'><strong>,uo</strong></span> <span class='ocrx_word' id='word_1_329' title='bbox 1741 2731 1771 2786; x_wconf 58' lang='lat' dir='ltr'><strong>fn</strong></span> <span class='ocrx_word' id='word_1_330' title='bbox 1799 2733 1847 2805; x_wconf 58' lang='lat' dir='ltr'><strong>sa,</strong></span> 
     </span>
    </p>
   </div>
   <div class='ocr_carea' id='block_1_11' title="bbox 142 2792 1850 2953">
    <p class='ocr_par' dir='ltr' id='par_1_18' title="bbox 142 2792 1850 2953">
     <span class='ocr_line' id='line_1_29' title="bbox 142 2792 1850 2874; baseline -0.001 -26"><span class='ocrx_word' id='word_1_331' title='bbox 142 2808 232 2849; x_wconf 87' lang='lat' dir='ltr'><strong>eursu</strong></span> <span class='ocrx_word' id='word_1_332' title='bbox 247 2796 333 2849; x_wconf 83' lang='lat' dir='ltr'><strong>terres</strong></span> <span class='ocrx_word' id='word_1_333' title='bbox 348 2797 467 2860; x_wconf 77' lang='lat' dir='ltr'><strong>saneto,</strong></span> <span class='ocrx_word' id='word_1_334' title='bbox 484 2793 513 2848; x_wconf 92' lang='lat' dir='ltr'><strong>ln</strong></span> <span class='ocrx_word' id='word_1_335' title='bbox 534 2797 649 2853; x_wconf 78' lang='lat' dir='ltr'><strong>tsntrm</strong></span> <span class='ocrx_word' id='word_1_336' title='bbox 670 2810 724 2850; x_wconf 94' lang='lat' dir='ltr'><strong>nos</strong></span> <span class='ocrx_word' id='word_1_337' title='bbox 742 2792 965 2851; x_wconf 82' lang='lat' dir='ltr'><strong>humiliavimus</strong></span> <span class='ocrx_word' id='word_1_338' title='bbox 1053 2806 1136 2864; x_wconf 62' lang='lat' dir='ltr'><strong>vestes</strong></span> <span class='ocrx_word' id='word_1_339' title='bbox 1158 2803 1280 2868; x_wconf 61' lang='lat' dir='ltr'><strong>resuere,</strong></span> <span class='ocrx_word' id='word_1_340' title='bbox 1313 2801 1555 2859; x_wconf 62' lang='lat' dir='ltr'><strong>commendatitia,</strong></span> <span class='ocrx_word' id='word_1_341' title='bbox 1576 2818 1595 2857; x_wconf 65' lang='lat' dir='ltr'><strong>a</strong></span> <span class='ocrx_word' id='word_1_342' title='bbox 1627 2804 1758 2874; x_wconf 58' lang='lat' dir='ltr'><strong>pensem</strong></span> <span class='ocrx_word' id='word_1_343' title='bbox 1778 2802 1850 2874; x_wconf 58' lang='lat' dir='ltr'><strong>„m</strong></span> 
     </span>
     <span class='ocr_line' id='line_1_30' title="bbox 143 2872 1720 2953; baseline -0.006 -15"><span class='ocrx_word' id='word_1_344' title='bbox 143 2881 222 2952; x_wconf 86' lang='lat' dir='ltr'><strong>quud</strong></span> <span class='ocrx_word' id='word_1_345' title='bbox 239 2879 302 2937; x_wconf 80' lang='lat' dir='ltr'><strong>boso</strong></span> <span class='ocrx_word' id='word_1_346' title='bbox 317 2881 456 2952; x_wconf 78' lang='lat' dir='ltr'><strong>prodlots</strong></span> <span class='ocrx_word' id='word_1_347' title='bbox 470 2881 512 2937; x_wconf 87' lang='lat' dir='ltr'><strong>eis</strong></span> <span class='ocrx_word' id='word_1_348' title='bbox 522 2880 695 2950; x_wconf 87' lang='lat' dir='ltr'><strong>obtulimus,</strong></span> <span class='ocrx_word' id='word_1_349' title='bbox 711 2885 741 2937; x_wconf 90' lang='lat' dir='ltr'><strong>ot</strong></span> <span class='ocrx_word' id='word_1_350' title='bbox 764 2886 903 2953; x_wconf 67' lang='lat' dir='ltr'><strong>praterea</strong></span> <span class='ocrx_word' id='word_1_351' title='bbox 922 2883 965 2939; x_wconf 79' lang='lat' dir='ltr'><strong>ets</strong></span> <span class='ocrx_word' id='word_1_352' title='bbox 1054 2877 1161 2932; x_wconf 83' lang='lat' dir='ltr'><strong>litteras</strong></span> <span class='ocrx_word' id='word_1_353' title='bbox 1174 2890 1224 2946; x_wconf 90' lang='lat' dir='ltr'><strong>pro</strong></span> <span class='ocrx_word' id='word_1_354' title='bbox 1238 2874 1393 2930; x_wconf 78' lang='lat' dir='ltr'><strong>obtinendis</strong></span> <span class='ocrx_word' id='word_1_355' title='bbox 1406 2890 1424 2928; x_wconf 90' lang='lat' dir='ltr'><strong>o</strong></span> <span class='ocrx_word' id='word_1_356' title='bbox 1436 2873 1567 2944; x_wconf 71' lang='lat' dir='ltr'><strong>tristibus</strong></span> <span class='ocrx_word' id='word_1_357' title='bbox 1579 2872 1720 2930; x_wconf 80' lang='lat' dir='ltr'><strong>subsidite.</strong></span> 
     </span>
    </p>
   </div>
   <div class='ocr_carea' id='block_1_12' title="bbox 142 2961 1849 3315">
    <p class='ocr_par' dir='ltr' id='par_1_19' title="bbox 142 2961 1849 3046">
     <span class='ocr_line' id='line_1_31' title="bbox 142 2961 1849 3046; baseline 0 -21"><span class='ocrx_word' id='word_1_358' title='bbox 142 2967 305 3025; x_wconf 87' lang='lat' dir='ltr'><strong>obtulimus</strong></span> <span class='ocrx_word' id='word_1_359' title='bbox 319 2970 397 3040; x_wconf 91' lang='lat' dir='ltr'><strong>quod</strong></span> <span class='ocrx_word' id='word_1_360' title='bbox 413 2972 449 3026; x_wconf 87' lang='lat' dir='ltr'><strong>de</strong></span> <span class='ocrx_word' id='word_1_361' title='bbox 464 2970 602 3026; x_wconf 89' lang='lat' dir='ltr'><strong>omuibus</strong></span> <span class='ocrx_word' id='word_1_362' title='bbox 618 2971 809 3044; x_wconf 84' lang='lat' dir='ltr'><strong>petitionibus</strong></span> <span class='ocrx_word' id='word_1_363' title='bbox 825 2971 899 3039; x_wconf 85' lang='lat' dir='ltr'><strong>suis,</strong></span> <span class='ocrx_word' id='word_1_364' title='bbox 914 2987 967 3043; x_wconf 88' lang='lat' dir='ltr'><strong>par</strong></span> <span class='ocrx_word' id='word_1_365' title='bbox 1018 2966 1174 3040; x_wconf 70' lang='lat' dir='ltr'><strong>(Menneu,</strong></span> <span class='ocrx_word' id='word_1_366' title='bbox 1189 2962 1329 3031; x_wconf 68' lang='lat' dir='ltr'><strong>dresdet„</strong></span> <span class='ocrx_word' id='word_1_367' title='bbox 1345 2963 1443 3030; x_wconf 80' lang='grc' dir='ltr'>Ῑ,737,</span> <span class='ocrx_word' id='word_1_368' title='bbox 1458 2976 1493 3046; x_wconf 73' lang='lat'><strong>⁰.¹</strong></span> <span class='ocrx_word' id='word_1_369' title='bbox 1509 2978 1565 3021; x_wconf 75' lang='lat' dir='ltr'><strong>ms·</strong></span> <span class='ocrx_word' id='word_1_370' title='bbox 1586 2962 1615 3026; x_wconf 73' lang='lat' dir='ltr'><strong>S·</strong></span> <span class='ocrx_word' id='word_1_371' title='bbox 1637 2962 1727 3019; x_wconf 74' lang='lat' dir='ltr'><strong>lllidii</strong></span> <span class='ocrx_word' id='word_1_372' title='bbox 1748 2961 1849 3020; x_wconf 77' lang='lat' dir='ltr'><strong>Gltlro·</strong></span> 
     </span>
    </p>

    <p class='ocr_par' dir='ltr' id='par_1_20' title="bbox 142 3038 1509 3132">
     <span class='ocr_line' id='line_1_32' title="bbox 142 3038 1509 3132; baseline 0.001 -19"><span class='ocrx_word' id='word_1_373' title='bbox 142 3056 406 3119; x_wconf 84' lang='lat' dir='ltr'><strong>oonslderationeur</strong></span> <span class='ocrx_word' id='word_1_374' title='bbox 423 3059 538 3131; x_wconf 85' lang='lat' dir='ltr'><strong>parium</strong></span> <span class='ocrx_word' id='word_1_375' title='bbox 554 3075 688 3130; x_wconf 87' lang='lat' dir='ltr'><strong>suorum,</strong></span> <span class='ocrx_word' id='word_1_376' title='bbox 700 3059 825 3131; x_wconf 75' lang='lat' dir='ltr'><strong>justitie</strong></span> <span class='ocrx_word' id='word_1_377' title='bbox 839 3059 965 3132; x_wconf 85' lang='lat' dir='ltr'><strong>plenitu·</strong></span> <span class='ocrx_word' id='word_1_378' title='bbox 1354 3038 1509 3104; x_wconf 55' lang='lat' dir='ltr'><strong>mmuh)</strong></span> 
     </span>
    </p>

    <p class='ocr_par' dir='ltr' id='par_1_21' title="bbox 142 3136 1848 3315">
     <span class='ocr_line' id='line_1_33' title="bbox 142 3136 1846 3227; baseline 0.002 -24"><span class='ocrx_word' id='word_1_379' title='bbox 142 3145 241 3203; x_wconf 86' lang='lat' dir='ltr'><strong>dinem</strong></span> <span class='ocrx_word' id='word_1_380' title='bbox 255 3145 298 3202; x_wconf 90' lang='lat' dir='ltr'><strong>eis</strong></span> <span class='ocrx_word' id='word_1_381' title='bbox 313 3145 532 3215; x_wconf 83' lang='lat' dir='ltr'><strong>exhiberemus,</strong></span> <span class='ocrx_word' id='word_1_382' title='bbox 543 3148 622 3220; x_wconf 86' lang='lat' dir='ltr'><strong>qued</strong></span> <span class='ocrx_word' id='word_1_383' title='bbox 638 3147 693 3220; x_wconf 86' lang='lat' dir='ltr'><strong>ipsi</strong></span> <span class='ocrx_word' id='word_1_384' title='bbox 708 3153 893 3205; x_wconf 88' lang='lat' dir='ltr'><strong>rsousarunt.</strong></span> <span class='ocrx_word' id='word_1_385' title='bbox 980 3136 1003 3204; x_wconf 78' lang='lat' dir='ltr'>C</span> <span class='ocrx_word' id='word_1_386' title='bbox 1055 3151 1166 3213; x_wconf 70' lang='lat' dir='ltr'><strong>Vestro</strong></span> <span class='ocrx_word' id='word_1_387' title='bbox 1180 3148 1498 3214; x_wconf 82' lang='lat' dir='ltr'><strong>lutlmatsanotltotttt.</strong></span> <span class='ocrx_word' id='word_1_388' title='bbox 1510 3148 1846 3227; x_wconf 81' lang='lat' dir='ltr'><strong>Gamelduleoelaprior,</strong></span> 
     </span>
     <span class='ocr_line' id='line_1_34' title="bbox 175 3235 1848 3315; baseline 0.004 -25"><span class='ocrx_word' id='word_1_389' title='bbox 175 3235 219 3291; x_wconf 72' lang='lat' dir='ltr'><strong>Ad</strong></span> <span class='ocrx_word' id='word_1_390' title='bbox 231 3235 303 3305; x_wconf 83' lang='lat' dir='ltr'><strong>hese,</strong></span> <span class='ocrx_word' id='word_1_391' title='bbox 321 3236 450 3303; x_wconf 88' lang='lat' dir='ltr'><strong>domine,</strong></span> <span class='ocrx_word' id='word_1_392' title='bbox 466 3236 513 3292; x_wconf 92' lang='lat' dir='ltr'><strong>die</strong></span> <span class='ocrx_word' id='word_1_393' title='bbox 527 3235 650 3293; x_wconf 87' lang='lat' dir='ltr'><strong>Veneris</strong></span> <span class='ocrx_word' id='word_1_394' title='bbox 664 3236 693 3292; x_wconf 90' lang='lat' dir='ltr'><strong>in</strong></span> <span class='ocrx_word' id='word_1_395' title='bbox 709 3237 839 3293; x_wconf 87' lang='lat' dir='ltr'><strong>erastino</strong></span> <span class='ocrx_word' id='word_1_396' title='bbox 854 3240 965 3294; x_wconf 80' lang='lat' dir='ltr'><strong>seron·</strong></span> <span class='ocrx_word' id='word_1_397' title='bbox 1020 3247 1168 3307; x_wconf 74' lang='lat' dir='ltr'><strong>elumbes</strong></span> <span class='ocrx_word' id='word_1_398' title='bbox 1183 3239 1232 3315; x_wconf 84' lang='lat' dir='ltr'><strong>qui</strong></span> <span class='ocrx_word' id='word_1_399' title='bbox 1247 3256 1315 3300; x_wconf 88' lang='lat' dir='ltr'><strong>eum</strong></span> <span class='ocrx_word' id='word_1_400' title='bbox 1331 3254 1365 3300; x_wconf 82' lang='lat' dir='ltr'><strong>so</strong></span> <span class='ocrx_word' id='word_1_401' title='bbox 1380 3247 1451 3299; x_wconf 85' lang='lat' dir='ltr'><strong>suut</strong></span> <span class='ocrx_word' id='word_1_402' title='bbox 1461 3239 1579 3313; x_wconf 51' lang='grc' dir='ltr'><strong>Μυσὴ</strong></span> <span class='ocrx_word' id='word_1_403' title='bbox 1591 3240 1668 3314; x_wconf 86' lang='lat' dir='ltr'><strong>quud</strong></span> <span class='ocrx_word' id='word_1_404' title='bbox 1683 3238 1848 3314; x_wconf 76' lang='lat' dir='ltr'><strong>pridielia·</strong></span> 
     </span>
    </p>
   </div>
   <div class='ocr_carea' id='block_1_13' title="bbox 25 3323 1849 3495">
    <p class='ocr_par' dir='ltr' id='par_1_22' title="bbox 25 3323 1849 3495">
     <span class='ocr_line' id='line_1_35' title="bbox 47 3323 1849 3402; baseline 0.003 -23"><span class='ocrx_word' id='word_1_405' title='bbox 47 3342 49 3347; x_wconf 92' lang='lat'><em>·</em></span> <span class='ocrx_word' id='word_1_406' title='bbox 142 3323 245 3392; x_wconf 89' lang='lat' dir='ltr'><strong>sionis,</strong></span> <span class='ocrx_word' id='word_1_407' title='bbox 261 3325 341 3381; x_wconf 84' lang='lat' dir='ltr'><strong>venit</strong></span> <span class='ocrx_word' id='word_1_408' title='bbox 356 3325 393 3382; x_wconf 91' lang='lat' dir='ltr'><strong>ad</strong></span> <span class='ocrx_word' id='word_1_409' title='bbox 418 3341 472 3382; x_wconf 90' lang='lat' dir='ltr'><strong>nes</strong></span> <span class='ocrx_word' id='word_1_410' title='bbox 496 3325 583 3382; x_wconf 83' lang='lat' dir='ltr'><strong>freter</strong></span> <span class='ocrx_word' id='word_1_411' title='bbox 604 3325 772 3382; x_wconf 88' lang='lat' dir='ltr'><strong>Willelrnus</strong></span> <span class='ocrx_word' id='word_1_412' title='bbox 793 3328 828 3384; x_wconf 93' lang='lat' dir='ltr'><strong>do</strong></span> <span class='ocrx_word' id='word_1_413' title='bbox 851 3343 967 3383; x_wconf 86' lang='lat' dir='ltr'><strong>osmers</strong></span> <span class='ocrx_word' id='word_1_414' title='bbox 1019 3332 1122 3389; x_wconf 88' lang='lat' dir='ltr'><strong>leudos</strong></span> <span class='ocrx_word' id='word_1_415' title='bbox 1136 3329 1230 3400; x_wconf 86' lang='lat' dir='ltr'><strong>lunii,</strong></span> <span class='ocrx_word' id='word_1_416' title='bbox 1246 3330 1324 3385; x_wconf 87' lang='lat' dir='ltr'><strong>eirea</strong></span> <span class='ocrx_word' id='word_1_417' title='bbox 1343 3328 1532 3388; x_wconf 84' lang='lat' dir='ltr'><strong>medietatem</strong></span> <span class='ocrx_word' id='word_1_418' title='bbox 1549 3328 1655 3396; x_wconf 84' lang='lat' dir='ltr'><strong>noetis.</strong></span> <span class='ocrx_word' id='word_1_419' title='bbox 1674 3328 1849 3402; x_wconf 85' lang='lat' dir='ltr'><strong>leoplnstus</strong></span> 
     </span>
     <span class='ocr_line' id='line_1_36' title="bbox 25 3414 1845 3495; baseline 0.002 -25"><span class='ocrx_word' id='word_1_420' title='bbox 25 3450 34 3477; x_wconf 58' lang='lat' dir='ltr'><em>s</em></span> <span class='ocrx_word' id='word_1_421' title='bbox 140 3419 248 3486; x_wconf 82' lang='lat' dir='ltr'><strong>restra,</strong></span> <span class='ocrx_word' id='word_1_422' title='bbox 263 3414 967 3484; x_wconf 78' lang='lat' dir='ltr'><strong>restesfamiliaris.deleronsnobiolittorssve·</strong></span> <span class='ocrx_word' id='word_1_423' title='bbox 1020 3420 1098 3495; x_wconf 90' lang='lat' dir='ltr'><strong>ignis</strong></span> <span class='ocrx_word' id='word_1_424' title='bbox 1113 3420 1218 3476; x_wconf 85' lang='lat' dir='ltr'><strong>domos</strong></span> <span class='ocrx_word' id='word_1_425' title='bbox 1234 3433 1336 3475; x_wconf 87' lang='lat' dir='ltr'><strong>eorum</strong></span> <span class='ocrx_word' id='word_1_426' title='bbox 1350 3417 1392 3474; x_wconf 91' lang='lat' dir='ltr'><strong>ita</strong></span> <span class='ocrx_word' id='word_1_427' title='bbox 1406 3422 1527 3490; x_wconf 84' lang='lat' dir='ltr'><strong>repento</strong></span> <span class='ocrx_word' id='word_1_428' title='bbox 1545 3417 1742 3490; x_wconf 79' lang='lat' dir='ltr'><strong>eonsumpsit,</strong></span> <span class='ocrx_word' id='word_1_429' title='bbox 1765 3418 1845 3489; x_wconf 72' lang='lat' dir='ltr'><strong>qnod</strong></span> 
     </span>
    </p>
   </div>
   <div class='ocr_carea' id='block_1_14' title="bbox 84 3505 1850 4129">
    <p class='ocr_par' dir='ltr' id='par_1_23' title="bbox 84 3505 1850 3936">
     <span class='ocr_line' id='line_1_37' title="bbox 84 3505 1847 3583; baseline 0.002 -23"><span class='ocrx_word' id='word_1_430' title='bbox 84 3577 86 3581; x_wconf 70' lang='lat'>‚</span> <span class='ocrx_word' id='word_1_431' title='bbox 143 3509 230 3572; x_wconf 89' lang='lat' dir='ltr'><strong>strae,</strong></span> <span class='ocrx_word' id='word_1_432' title='bbox 247 3505 433 3561; x_wconf 77' lang='lat' dir='ltr'><strong>continentes</strong></span> <span class='ocrx_word' id='word_1_433' title='bbox 458 3507 548 3577; x_wconf 88' lang='lat' dir='ltr'><strong>quod,</strong></span> <span class='ocrx_word' id='word_1_434' title='bbox 566 3506 700 3577; x_wconf 87' lang='lat' dir='ltr'><strong>deposito</strong></span> <span class='ocrx_word' id='word_1_435' title='bbox 723 3506 968 3579; x_wconf 83' lang='lat' dir='ltr'><strong>peregrinationis</strong></span> <span class='ocrx_word' id='word_1_436' title='bbox 1022 3509 1157 3583; x_wconf 86' lang='lat' dir='ltr'><strong>sequenti</strong></span> <span class='ocrx_word' id='word_1_437' title='bbox 1171 3508 1220 3565; x_wconf 91' lang='lat' dir='ltr'><strong>die</strong></span> <span class='ocrx_word' id='word_1_438' title='bbox 1235 3508 1272 3566; x_wconf 92' lang='lat' dir='ltr'><strong>de</strong></span> <span class='ocrx_word' id='word_1_439' title='bbox 1286 3507 1426 3564; x_wconf 90' lang='lat' dir='ltr'><strong>omnibus</strong></span> <span class='ocrx_word' id='word_1_440' title='bbox 1442 3523 1507 3576; x_wconf 80' lang='lat' dir='ltr'><strong>qun</strong></span> <span class='ocrx_word' id='word_1_441' title='bbox 1530 3510 1735 3565; x_wconf 84' lang='lat' dir='ltr'><strong>remanserant</strong></span> <span class='ocrx_word' id='word_1_442' title='bbox 1757 3522 1847 3577; x_wconf 82' lang='lat' dir='ltr'><strong>posu·</strong></span> 
     </span>
     <span class='ocr_line' id='line_1_38' title="bbox 144 3594 1848 3669; baseline 0.002 -19"><span class='ocrx_word' id='word_1_443' title='bbox 144 3597 251 3650; x_wconf 87' lang='lat' dir='ltr'><strong>nostras</strong></span> <span class='ocrx_word' id='word_1_444' title='bbox 266 3595 381 3665; x_wconf 88' lang='lat' dir='ltr'><strong>itinere,</strong></span> <span class='ocrx_word' id='word_1_445' title='bbox 399 3595 676 3655; x_wconf 77' lang='lat' dir='ltr'><strong>sanotltetieveotre</strong></span> <span class='ocrx_word' id='word_1_446' title='bbox 691 3595 816 3667; x_wconf 87' lang='lat' dir='ltr'><strong>pedibus</strong></span> <span class='ocrx_word' id='word_1_447' title='bbox 839 3596 967 3668; x_wconf 86' lang='lat' dir='ltr'><strong>aliquem</strong></span> <span class='ocrx_word' id='word_1_448' title='bbox 1022 3600 1105 3656; x_wconf 88' lang='lat' dir='ltr'><strong>dium</strong></span> <span class='ocrx_word' id='word_1_449' title='bbox 1116 3594 1848 3669; x_wconf 76' lang='lat' dir='ltr'><strong>issemnequiveruntreinqueplnsqesmtrsosnti</strong></span> 
     </span>
     <span class='ocr_line' id='line_1_39' title="bbox 143 3683 1846 3758; baseline 0.002 -19"><span class='ocrx_word' id='word_1_450' title='bbox 143 3683 181 3739; x_wconf 90' lang='lat' dir='ltr'><strong>de</strong></span> <span class='ocrx_word' id='word_1_451' title='bbox 194 3684 305 3739; x_wconf 88' lang='lat' dir='ltr'><strong>nostris</strong></span> <span class='ocrx_word' id='word_1_452' title='bbox 320 3683 349 3738; x_wconf 88' lang='lat' dir='ltr'><strong>in</strong></span> <span class='ocrx_word' id='word_1_453' title='bbox 366 3683 492 3740; x_wconf 89' lang='lat' dir='ltr'><strong>oonoillo</strong></span> <span class='ocrx_word' id='word_1_454' title='bbox 506 3689 793 3755; x_wconf 81' lang='lat' dir='ltr'><strong>repraesentaremus,</strong></span> <span class='ocrx_word' id='word_1_455' title='bbox 807 3685 967 3758; x_wconf 87' lang='lat' dir='ltr'><strong>paternlto·</strong></span> <span class='ocrx_word' id='word_1_456' title='bbox 1023 3689 1100 3745; x_wconf 89' lang='lat' dir='ltr'><strong>inter</strong></span> <span class='ocrx_word' id='word_1_457' title='bbox 1115 3685 1277 3744; x_wconf 89' lang='lat' dir='ltr'><strong>monaobos</strong></span> <span class='ocrx_word' id='word_1_458' title='bbox 1291 3690 1319 3742; x_wconf 89' lang='lat' dir='ltr'><strong>ot</strong></span> <span class='ocrx_word' id='word_1_459' title='bbox 1334 3700 1490 3743; x_wconf 85' lang='lat' dir='ltr'><strong>nourereos</strong></span> <span class='ocrx_word' id='word_1_460' title='bbox 1505 3685 1674 3744; x_wconf 72' lang='lat' dir='ltr'><strong>mendices·</strong></span> <span class='ocrx_word' id='word_1_461' title='bbox 1688 3689 1846 3758; x_wconf 86' lang='lat' dir='ltr'><strong>ooguotar.</strong></span> 
     </span>
     <span class='ocr_line' id='line_1_40' title="bbox 142 3773 1848 3849; baseline 0 -19"><span class='ocrx_word' id='word_1_462' title='bbox 142 3775 344 3830; x_wconf 69' lang='lat' dir='ltr'><strong>umerorum</strong></span> <span class='ocrx_word' id='word_1_463' title='bbox 361 3774 396 3828; x_wconf 89' lang='lat' dir='ltr'><strong>de</strong></span> <span class='ocrx_word' id='word_1_464' title='bbox 412 3789 553 3845; x_wconf 88' lang='lat' dir='ltr'><strong>prooessu</strong></span> <span class='ocrx_word' id='word_1_465' title='bbox 569 3777 670 3830; x_wconf 87' lang='lat' dir='ltr'><strong>uestro</strong></span> <span class='ocrx_word' id='word_1_466' title='bbox 685 3778 712 3830; x_wconf 88' lang='lat' dir='ltr'><strong>ot</strong></span> <span class='ocrx_word' id='word_1_467' title='bbox 738 3774 852 3831; x_wconf 91' lang='lat' dir='ltr'><strong>itineris</strong></span> <span class='ocrx_word' id='word_1_468' title='bbox 876 3773 969 3831; x_wconf 89' lang='lat' dir='ltr'><strong>nostrl</strong></span> <span class='ocrx_word' id='word_1_469' title='bbox 1022 3778 1185 3849; x_wconf 81' lang='lat' dir='ltr'><strong>llapropter</strong></span> <span class='ocrx_word' id='word_1_470' title='bbox 1200 3778 1332 3847; x_wconf 83' lang='lat' dir='ltr'><strong>potants</strong></span> <span class='ocrx_word' id='word_1_471' title='bbox 1346 3773 1504 3831; x_wconf 86' lang='lat' dir='ltr'><strong>elementia</strong></span> <span class='ocrx_word' id='word_1_472' title='bbox 1518 3777 1614 3831; x_wconf 78' lang='lat' dir='ltr'><strong>vostra</strong></span> <span class='ocrx_word' id='word_1_473' title='bbox 1628 3777 1662 3830; x_wconf 89' lang='lat' dir='ltr'><strong>ut</strong></span> <span class='ocrx_word' id='word_1_474' title='bbox 1685 3789 1738 3846; x_wconf 89' lang='lat' dir='ltr'><strong>per</strong></span> <span class='ocrx_word' id='word_1_475' title='bbox 1753 3777 1848 3832; x_wconf 85' lang='lat' dir='ltr'><strong>tutans</strong></span> 
     </span>
     <span class='ocr_line' id='line_1_41' title="bbox 143 3860 1850 3936; baseline 0.001 -19"><span class='ocrx_word' id='word_1_476' title='bbox 143 3860 327 3934; x_wconf 75' lang='lat' dir='ltr'><strong>expeditione</strong></span> <span class='ocrx_word' id='word_1_477' title='bbox 340 3861 544 3918; x_wconf 87' lang='lat' dir='ltr'><strong>eertltioaotee.</strong></span> <span class='ocrx_word' id='word_1_478' title='bbox 1024 3865 1137 3922; x_wconf 86' lang='lat' dir='ltr'><strong>ltaliam</strong></span> <span class='ocrx_word' id='word_1_479' title='bbox 1153 3865 1195 3920; x_wconf 86' lang='lat' dir='ltr'><strong>eis</strong></span> <span class='ocrx_word' id='word_1_480' title='bbox 1212 3862 1324 3920; x_wconf 86' lang='lat' dir='ltr'><strong>litteras</strong></span> <span class='ocrx_word' id='word_1_481' title='bbox 1339 3864 1506 3921; x_wconf 77' lang='lat' dir='ltr'><strong>consociatis</strong></span> <span class='ocrx_word' id='word_1_482' title='bbox 1520 3862 1768 3921; x_wconf 82' lang='lat' dir='ltr'><strong>inremissionem</strong></span> <span class='ocrx_word' id='word_1_483' title='bbox 1780 3879 1850 3936; x_wconf 87' lang='lat' dir='ltr'><strong>pee-</strong></span> 
     </span>
    </p>

    <p class='ocr_par' dir='ltr' id='par_1_24' title="bbox 143 3949 1849 4129">
     <span class='ocr_line' id='line_1_42' title="bbox 180 3949 1849 4026; baseline 0 -19"><span class='ocrx_word' id='word_1_484' title='bbox 180 3950 346 4025; x_wconf 73' lang='lat' dir='ltr'><strong>Superque</strong></span> <span class='ocrx_word' id='word_1_485' title='bbox 374 3951 544 4024; x_wconf 87' lang='lat' dir='ltr'><strong>paternitati</strong></span> <span class='ocrx_word' id='word_1_486' title='bbox 566 3954 671 4008; x_wconf 80' lang='lat' dir='ltr'><strong>vestro</strong></span> <span class='ocrx_word' id='word_1_487' title='bbox 694 3951 793 4009; x_wconf 88' lang='lat' dir='ltr'><strong>tollter</strong></span> <span class='ocrx_word' id='word_1_488' title='bbox 812 3955 969 4026; x_wconf 90' lang='lat' dir='ltr'><strong>responde·</strong></span> <span class='ocrx_word' id='word_1_489' title='bbox 1024 3957 1170 4023; x_wconf 84' lang='lat' dir='ltr'><strong>satorum,</strong></span> <span class='ocrx_word' id='word_1_490' title='bbox 1181 3952 1371 4026; x_wconf 82' lang='lat' dir='ltr'><strong>injungentes</strong></span> <span class='ocrx_word' id='word_1_491' title='bbox 1381 3950 1631 4011; x_wconf 71' lang='lat' dir='ltr'><strong>christifidelibus</strong></span> <span class='ocrx_word' id='word_1_492' title='bbox 1641 3949 1742 4010; x_wconf 87' lang='lat' dir='ltr'><strong>utillis</strong></span> <span class='ocrx_word' id='word_1_493' title='bbox 1750 3951 1849 4009; x_wconf 79' lang='lat' dir='ltr'><strong>ohari-</strong></span> 
     </span>
     <span class='ocr_line' id='line_1_43' title="bbox 143 4039 1560 4129; baseline -0.001 -31"><span class='ocrx_word' id='word_1_494' title='bbox 143 4054 212 4098; x_wconf 85' lang='lat' dir='ltr'><strong>mus</strong></span> <span class='ocrx_word' id='word_1_495' title='bbox 226 4041 315 4113; x_wconf 87' lang='lat' dir='ltr'><strong>quod,</strong></span> <span class='ocrx_word' id='word_1_496' title='bbox 341 4057 409 4100; x_wconf 88' lang='lat' dir='ltr'><strong>oum</strong></span> <span class='ocrx_word' id='word_1_497' title='bbox 429 4040 575 4113; x_wconf 84' lang='lat' dir='ltr'><strong>perversis</strong></span> <span class='ocrx_word' id='word_1_498' title='bbox 592 4040 738 4101; x_wconf 83' lang='lat' dir='ltr'><strong>baronum</strong></span> <span class='ocrx_word' id='word_1_499' title='bbox 764 4043 968 4113; x_wconf 82' lang='lat' dir='ltr'><strong>prediotoruna</strong></span> <span class='ocrx_word' id='word_1_500' title='bbox 1022 4043 1114 4129; x_wconf 68' lang='lat' dir='ltr'><strong>toties</strong></span> <span class='ocrx_word' id='word_1_501' title='bbox 1126 4041 1262 4099; x_wconf 89' lang='lat' dir='ltr'><strong>subsidia</strong></span> <span class='ocrx_word' id='word_1_502' title='bbox 1275 4041 1446 4098; x_wconf 86' lang='lat' dir='ltr'><strong>ministrare</strong></span> <span class='ocrx_word' id='word_1_503' title='bbox 1459 4039 1560 4098; x_wconf 79' lang='lat' dir='ltr'><strong>redut.</strong></span> 
     </span>
    </p>
   </div>
   <div class='ocr_carea' id='block_1_15' title="bbox 0 0 1907 5986">
    <p class='ocr_par' dir='ltr' id='par_1_25' title="bbox 0 0 1907 5986">
     <span class='ocr_line' id='line_1_44' title="bbox 0 0 1907 5986; baseline 0 0"><span class='ocrx_word' id='word_1_504' title='bbox 0 0 1907 5986; x_wconf 95' lang='lat' dir='ltr'><strong> </strong></span> 
     </span>
    </p>
   </div>
  </div>
 </body>
</html>
