3796 5986
140 238 201 319 ιιι
798 254 1063 323 rnsocmtnnm
1081 267 1194 323 rara.
1805 258 1865 317 rte·

144 395 174 450 et
188 394 249 449 tam
264 388 374 463 gravis,
389 390 500 462 quauta
513 388 559 446 vel
574 388 670 461 qualis
689 406 743 447 nso
767 390 831 461 luit,
847 407 901 448 neo
924 394 970 448 est
984 392 1011 460 Α
1025 390 1089 448 sine
1104 390 1172 449 fine.
1187 389 1356 447 Puniuntur
1370 387 1447 445 enim
1462 386 1533 445 mali
1544 386 1574 443 in
1584 385 1688 443 anima
1699 384 1855 444 tantumin

143 478 326 554 inpraesenti
344 478 402 536 rita
417 482 484 536 ante
499 477 722 536 dissolutionem
738 479 830 537 illam.
841 480 921 545 Quod
938 478 969 535 in
1024 479 1120 554 prima
1141 479 1326 553 separatione
1351 477 1483 550 eorporis
1506 482 1536 535 st
1559 476 1678 542 enimse,
1693 480 1768 548 post
1779 475 1856 547 ludi·

143 569 334 642 quibusdam,
345 568 399 625 etsi
409 585 466 624 non
478 568 509 625 in
521 568 658 625 omuibus
669 574 867 643 apparet‚prs
878 568 970 625 nimio
1023 570 1102 626 oium
1117 584 1184 626 vero
1199 570 1229 625 in
1245 571 1345 625 anima
1359 572 1389 624 ot
1404 581 1526 640 corpore
1536 565 1713 639 punientur.
1723 564 1808 623 Unde
1820 566 1857 622 di·

143 656 243 714 dolore
258 657 373 729 seipsos
393 657 636 730 discerpentibus.
651 658 746 715 Portis
769 658 847 715 euim
873 663 902 714 ot
925 659 969 713 in·
1024 658 1116 716 oitur:
1129 680 1143 710 ι(
1156 658 1268 732 Duplici
1280 657 1458 716 enutritione
1470 659 1649 712 contereeos
1660 657 1856 713 reremane-

52 758 55 765 ·
142 745 351 819 comparabilis
363 750 408 803 est
422 745 570 815 violentia,
587 748 705 820 quando
718 764 809 805 nonus
824 747 867 803 illi
883 752 911 803 ct
927 747 970 802 vi·
1321 763 1439 821 CAPUT
1457 763 1547 819 xn111

29 830 33 839 '
143 834 218 893 tales
233 835 303 892 nodi
317 836 395 892 inter
409 852 514 908 corpus
529 840 559 892 et
573 837 701 892 animam
728 837 967 910 disrumpuntur.
1076 853 1373 911 peapvmucpffsspp
1394 851 1430 908 ad
1452 852 1527 908 pm,
1540 848 1810 924 morpsswjmrfm

26 972 29 977 .
143 923 227 981 Unde
250 923 396 995 Propheta
424 923 614 981 lamentando
638 926 701 981 sit:
733 946 748 975 α
763 925 970 982 Circumdede·
1370 924 1502 981 bominis.

143 1013 524 1070 rnntmedoloresmortis
547 1014 766 1087 (Psotcnwls
798 1014 860 1072 Non
890 1015 968 1070 enirn
1058 1013 1143 1071 Videt
1156 1014 1244 1072 etism
1261 1021 1320 1070 tam
1336 1013 1432 1069 bouus
1450 1027 1539 1084 qnam
1565 1009 1673 1078 malus,
1692 1014 1856 1084 antequem

141 1107 188 1161 est
202 1103 380 1171 membrum,
397 1119 454 1158 non
471 1104 613 1160 articulus
628 1103 658 1159 in
674 1120 804 1177 corpore,
821 1105 897 1177 quod
920 1120 968 1175 pe·
1020 1103 1301 1175 egrediatursnima
1327 1102 1362 1158 de
1385 1117 1508 1174 corpore
1530 1100 1681 1157 christum
1710 1100 1744 1156 in
1773 1117 1857 1158 cruos

143 1192 225 1250 nitus
240 1209 299 1249 non
316 1191 481 1248 involvatur
495 1192 693 1265 inexplicabili
709 1193 819 1250 dolore.
1022 1194 1162 1264 positum.
1174 1193 1269 1249 Malus
1283 1192 1363 1248 ridet
1377 1190 1434 1247 sibi
1449 1189 1485 1246 ad
1501 1188 1721 1255 confusionem,
1738 1192 1774 1245 ut
1793 1205 1856 1246 eru·

176 1283 330 1339 Secundus
345 1280 428 1339 dolor
442 1288 499 1351 est,
515 1283 634 1354 quando
646 1284 707 1354 jam
724 1299 797 1356 pene
810 1282 969 1355 defatigato
1021 1282 1121 1338 boscst
1132 1297 1164 1339 se
1174 1297 1232 1337 non
1245 1297 1310 1338 esse
1321 1278 1507 1350 redemptum
1519 1277 1664 1351 sauguine
1674 1277 1857 1346 Christiona

35 1418 40 1425 .
141 1386 263 1443 corporo
278 1373 308 1424 et
324 1370 387 1425 suis
402 1369 544 1426 exhausto
558 1370 681 1439 viribus,
697 1372 797 1427 anima
820 1369 911 1427 multo
934 1369 968 1424 li·
1021 1370 1109 1442 eulpa
1123 1370 1265 1443 exigente.
1281 1369 1362 1426 Unde
1372 1368 1408 1424 ds
1420 1367 1625 1424 malisdioitur
1635 1366 1665 1421 in
1678 1365 1857 1438 Evangelio:

141 1458 241 1517 berius
264 1457 343 1513 videt
365 1462 437 1513 tuno
460 1457 491 1513 in
516 1468 665 1516 momento
693 1474 846 1515 occurrere
869 1458 968 1514 omnia
1020 1481 1036 1512 a
1052 1458 1197 1515 Viderunt
1211 1459 1241 1514 in
1255 1474 1343 1531 quem
1354 1456 1645 1530 pupugeruntllooa.
1657 1456 1733 1529 xix),
1749 1478 1765 1507 s
1780 1457 1856 1528 quod

142 1562 230 1622 opera
244 1546 332 1615 buna,
343 1545 388 1603 vel
405 1546 494 1613 mala,
510 1563 574 1619 quer
596 1547 674 1619 seuit,
691 1565 753 1619 qus
766 1548 866 1604 omnis
881 1548 967 1604 redu·
1021 1547 1200 1620 intelligitur
1216 1549 1252 1604 ds
1266 1550 1392 1605 adventu
1408 1545 1516 1605 Christi
1540 1546 1576 1602 ad
1596 1544 1763 1617 judicium,
1778 1546 1855 1604 etde

142 1640 249 1695 cuntur
264 1639 331 1692 ante
346 1635 448 1693 oeulos
465 1636 967 1705 interiores.Doloristsesttentus,
1020 1637 1147 1692 adventu
1171 1636 1236 1708 ojus
1258 1636 1295 1692 ad
1320 1635 1399 1696 diem
1415 1634 1519 1691 mortis
1533 1632 1693 1705 cujuslibet
1709 1633 1851 1692 hominis.

142 1730 171 1783 et
185 1724 352 1784 retrusistis
368 1725 416 1798 [ol.
433 1725 614 1799 recogitatio]
629 1726 687 1784 ists
706 1732 767 1783 tom
791 1726 888 1800 gravis
911 1730 966 1798 ost,
1022 1727 1120 1783 Bonus
1143 1739 1211 1782 raro
1229 1724 1308 1781 videt
1330 1725 1367 1781 ad
1391 1722 1628 1781 exsultationem.
1643 1723 1678 1779 st
1693 1722 1752 1780 boo
1767 1722 1851 1780 babe-

983 1772 1006 1837 B

37 1826 41 1837 '
142 1815 220 1889 quod
236 1814 335 1871 anima
350 1813 511 1887 plurimum
527 1816 646 1873 turbata
664 1816 779 1889 cogitur
801 1817 886 1889 quasi
911 1816 967 1872 sei·
1023 1832 1089 1872 mus
1104 1832 1139 1872 ex
1157 1814 1252 1871 verbis
1266 1813 1408 1886 Apostoli,
1425 1813 1476 1885 qui
1500 1813 1565 1869 ait:
1590 1811 1724 1883 «Usque
1748 1811 1779 1869 in
1802 1813 1850 1869 ud·

141 1920 226 1979 psam
239 1903 439 1962 odisse.Uudc
454 1903 564 1961 dicitur
579 1905 608 1961 in
625 1905 761 1962 Psalmo:
784 1927 799 1957 «
813 1907 968 1962 'torrentes
1022 1909 1142 1962 ventum
1157 1902 1275 1961 Domini
1290 1902 1382 1962 nostri
1395 1902 1467 1959 lesu
1481 1901 1589 1958 Christi
1599 1902 1623 1974 (Ι
1640 1901 1709 1958 Tim.
1726 1905 1779 1970 vn),
1795 1900 1849 1957 »id

139 1992 306 2066 iniquitatis
326 1993 575 2051 conturbaverunt
590 2010 636 2049 ma
652 1994 739 2065 treet.
755 1994 835 2066 xv11).
853 2015 868 2044 a
893 1994 967 2050 Nam
1021 2000 1067 2051 est
1082 1993 1117 2050 od
1134 1993 1212 2051 diem
1227 1992 1342 2061 mortis,
1354 1991 1472 2062 quando
1484 1990 1533 2064 [ol.
1548 1991 1640 2062 quial,
1654 1995 1782 2063 apparet
1795 1994 1848 2047 tum

76 2082 82 2093 “’
141 2086 368 2140 torrentssoum
385 2082 480 2138 multo
503 2082 810 2155 impetuveniunt,·et
831 2083 969 2139 videntur
1022 2082 1212 2155 bonisqusm
1229 2080 1315 2139 malis
1339 2079 1474 2138 cbristus
1495 2079 1525 2136 in
1549 2095 1634 2137 cruos
1657 2079 1800 2153 positus:
1823 2085 1849 2136 et

141 2170 257 2228 diruere
273 2168 325 2243 [ol.
342 2170 505 2242 destruere]
529 2171 637 2243 omnia,
654 2171 695 2228 its
709 2172 739 2227 iu
753 2171 968 2228 morteridsbit
1021 2172 1085 2246 ipse
1109 2173 1244 2229 Christus
1268 2173 1304 2227 de
1326 2170 1440 2228 loanne
1464 2169 1651 2243 Evangelists
1674 2169 1743 2225 eit:
1769 2191 1785 2221 a
1806 2169 1849 2227 ilio

69 2286 72 2291 ·
143 2259 239 2318 molus
263 2260 362 2316 omnis
385 2260 483 2317 subito
512 2277 576 2334 qus
606 2262 674 2320 iecit
702 2278 792 2335 opera
818 2263 896 2318 bono
923 2260 968 2317 vel
1022 2259 1736 2331 cumvolomaneredoneorenism(locam),
1754 2257 1848 2331 »feei-

144 2349 233 2408 mala.
1022 2349 1090 2408 licet
1102 2350 1219 2408 veniam
1242 2351 1280 2406 ud
1303 2349 1415 2407 obitum
1431 2351 1507 2420 ojus.
1523 2350 1655 2414 Qustuor
1670 2363 1800 2419 namque
1813 2350 1849 2404 te·

179 2437 297 2496 Tertius
323 2437 407 2495 dolor
435 2442 489 2507 est,
506 2441 625 2514 quando
649 2441 749 2497 anima
773 2440 836 2513 jam
865 2439 970 2513 incipit
1022 2445 1134 2515 guntur
1150 2442 1292 2498 adventus
1308 2438 1497 2506 Christi,duo
1511 2437 1653 2506 visibiles,
1668 2439 1771 2495 etduo
1786 2436 1851 2494 iuri·

142 2532 202 2586 tem
215 2528 297 2599 lusto
310 2526 482 2599 dijudicare,
500 2533 528 2584 et
540 2529 597 2585 sibi
612 2546 664 2601 pro
681 2529 743 2587 suis
758 2529 968 2602 iniquitatibus
1023 2530 1136 2588 sibiles.
1161 2529 1280 2587 Primos
1304 2528 1448 2585 adventus
1471 2525 1596 2584 visibilis
1620 2526 1678 2582 fuit
1697 2526 1729 2582 in
1754 2541 1850 2596 carue,

43 2658 46 2665 -
143 2617 271 2691 singulis
285 2617 386 2674 omnia
409 2621 438 2674 et
461 2618 561 2675 debita
577 2618 716 2692 gehenne
731 2624 877 2676 tormenta
892 2619 970 2676 ridet
1023 2616 1507 2693 quandonatusestdovirgins;
1530 2613 1852 2673 aliusudreutusrlsi·

142 2706 309 2764 imminere.
326 2705 407 2763 Unde
433 2707 541 2764 dieitur
556 2709 585 2764 in
602 2707 718 2766 Psalmo
735 2725 742 2765 ι
771 2731 781 2760 ι
798 2709 967 2765 Circumdo·
1023 2709 1092 2766 bilis
1115 2713 1161 2765 est
1175 2709 1212 2765 ad
1225 2706 1384 2781 iudicium,
1398 2706 1516 2779 quaudo
1536 2704 1684 2777 judicabit
1705 2703 1801 2762 bonos
1823 2709 1851 2761 et

142 2797 250 2854 derunt
264 2812 311 2852 ms
327 2795 444 2852 dolores
459 2796 574 2864 mortis,
584 2802 613 2853 et
628 2797 758 2871 pericula
772 2797 876 2854 inferni
892 2796 969 2854 iuve-
1023 2797 1128 2865 malos,
1144 2795 1263 2870 quaudo
1288 2800 1398 2853 statuet
1411 2811 1480 2852 oros
1498 2812 1516 2851 a
1529 2793 1651 2866 dextris,
1667 2792 1771 2851 boedos
1784 2809 1848 2850 reru

36 2904 40 2911 ·
142 2889 251 2943 uerunt
267 2900 313 2941 me
328 2885 414 2957 (Psoi.
429 2885 510 2957 nvn).
527 2908 542 2937 a
1022 2905 1039 2944 a
1053 2886 1193 2944 sinistris.
1210 2885 1326 2941 Primus
1341 2885 1484 2941 adventus
1498 2882 1657 2941 invisibilis
1667 2882 1701 2939 dt
1711 2883 1742 2939 ln
1755 2886 1852 2940 mente

176 2973 305 3039 Quartus
329 2971 412 3029 dolor
432 2977 487 3045 est,
500 2976 617 3046 quando
633 2976 732 3033 anima
746 2975 843 3033 adbuc
856 2974 887 3031 in
902 2990 968 3031 oor-
1017 2976 1104 3048 justi,
1116 2991 1166 3047 per
1179 2974 1306 3047 gratiam
1317 2992 1325 3044 ;
1337 2974 1415 3030 unde
1431 2972 1565 3030 Christus
1580 2972 1616 3028 de
1630 2971 1692 3028 viro
1702 2971 1789 3043 justo
1799 2971 1850 3028 ait:

142 3079 213 3137 pore
227 3063 322 3135 posita
336 3061 416 3118 videt
431 3064 554 3135 spiritus
571 3064 726 3138 malignos,
738 3067 773 3122 ad
790 3064 965 3137 rapiendum
1022 3088 1037 3118 «
1050 3064 1092 3121 Ad
1108 3081 1176 3121 eum
1192 3063 1357 3133 veniemus,
1372 3066 1401 3119 et
1430 3061 1614 3118 mansionem
1630 3061 1708 3133 apud
1725 3077 1794 3119 eum
1811 3059 1851 3116 ia·

18 3138 28 3165 '⁸
142 3168 173 3210 se
184 3154 313 3224 puratos,
325 3150 374 3207 ubi
389 3153 491 3209 nnius
506 3153 589 3210 dolor
601 3163 644 3211 est
658 3159 688 3212 et
705 3155 802 3221 timor,
814 3156 891 3227 quod
908 3154 965 3210 mi·
981 3137 1003 3204 C
1023 3154 1134 3211 oismus
1150 3154 1239 3223 (loun.
1256 3151 1327 3225 arv).
1342 3172 1356 3201 »ι
1371 3155 1422 3207 Est
1435 3166 1504 3224 ergo
1519 3150 1620 3206 anima
1631 3149 1707 3222 justi
1721 3151 1809 3208 sedes
1824 3152 1852 3206 et

127 3241 890 3317 ‚seraanimsliceteoorporeegressura,quandiu
914 3259 966 3316 po·
1021 3241 1223 3300 babitaculum
1251 3240 1310 3310 Dei,
1335 3239 1414 3305 siout
1437 3239 1579 3314 scriptum
1604 3244 1673 3296 est:
1704 3260 1719 3289 a
1744 3239 1850 3296 Anima

141 3335 211 3399 test,
227 3332 361 3405 refugiat,
379 3339 411 3391 ut
430 3338 548 3406 tempus
561 3349 621 3389 sos
636 3332 815 3406 captivitatis
830 3333 966 3404 redimat,
1017 3332 1091 3406 justi
1106 3331 1190 3388 sedes
1204 3330 1267 3397 Dei,
1284 3352 1295 3381 s
1312 3330 1382 3402 quia
1398 3331 1479 3387 sedet
1496 3331 1571 3386 Deus
1593 3329 1622 3385 in
1647 3344 1681 3385 eo
1703 3344 1757 3401 per
1781 3344 1847 3402 gre-

140 3425 299 3495 antequsm
323 3423 359 3479 ds
382 3439 503 3497 corpore
528 3426 621 3480 exest.
647 3427 768 3496 Propter
792 3424 869 3496 qnod
895 3422 968 3479 dicit
1020 3422 1103 3479 tiam.
1120 3421 1271 3477 Secundus
1293 3420 1437 3475 adventus
1460 3418 1618 3476 invisibilis
1641 3421 1688 3475 est
1711 3417 1742 3474 iu
1767 3418 1849 3475 obitu

24 3534 31 3543 ·
141 3510 307 3583 Sophoniss
322 3512 465 3587 propheto
479 3513 605 3586 (oap.1):
630 3535 645 3565 s
660 3517 681 3567 b
699 3513 794 3585 prima
809 3516 892 3585 porta
906 3512 967 3568 exit
1020 3500 1256 3583 uniuscujusque
1270 3507 1382 3580 tidelis3
1393 3509 1472 3564 unde
1485 3508 1614 3566 loannes
1624 3506 1849 3581 inApooalypsi:

141 3598 264 3670 olamor,
280 3604 310 3656 ot
324 3617 340 3657 a
354 3603 485 3658 secunda
499 3601 672 3659 ululatus.»
699 3602 797 3659 Prima
820 3608 903 3674 porta
922 3602 965 3657 di·
1020 3600 1190 3679 dosiderpns
1212 3597 1330 3655 liberari
1355 3613 1509 3655 soaroere
1533 3596 1665 3671 corporis
1689 3596 1725 3653 ed
1752 3596 1850 3655 Chris·

25 3734 30 3741 .
142 3687 571 3762 citur,quandoanimamalu
592 3707 681 3764 quom
706 3693 763 3748 cito
787 3691 967 3764 egredituru
1019 3686 1738 3760 rumolt:«voniuominesesu(spoc.xxro,s
1768 3684 1850 3743 soili-

142 3791 274 3847 oorpore,
290 3781 350 3832 tam
366 3777 423 3833 cito
439 3777 552 3849 rapitur
568 3795 585 3833 a
601 3778 739 3852 malignis
760 3778 913 3852 spiritibus
928 3779 964 3835 ad
1020 3778 1115 3835 estad
1131 3777 1244 3834 obitum
1260 3791 1379 3845 meum3
1405 3776 1484 3834 unde
1505 3776 1625 3845 dieitur,
1642 3775 1721 3850 quod
1748 3775 1778 3833 in
1802 3774 1850 3831 die

140 3868 250 3922 eterna
264 3864 429 3938 supplicia;
453 3866 583 3921 secunde
604 3872 688 3938 ports
711 3867 829 3937 dicitur,
847 3868 965 3940 quaudo
1019 3865 1119 3924 obitus
1132 3865 1190 3935 sui,
1205 3865 1321 3922 obviam
1336 3863 1416 3921 vonit
1428 3865 1453 3920 ei
1469 3864 1613 3922 Christus.

142 3957 211 4028 post
235 3953 312 4012 diem
334 3954 438 4025 judieii
455 3953 614 4026 punientur
628 3955 658 4012 in
674 3971 795 4029 corpore
817 3961 846 4012 et
868 3956 966 4013 anima
1372 3981 1376 3992 ·
1418 3984 1453 3995 -

142 4141 621 4163 m-

741 4273 945 4408 LIBER
975 4272 1235 4369 TERTIUS

688 4460 734 4524 Da
753 4454 888 4525 macria
911 4454 1068 4523 dumanas
1091 4450 1297 4521 conditionis.

405 4785 522 4844 CAPUT
540 4786 697 4845 PRIMUM.
980 4787 1176 4870 Ulnntarins,
1194 4804 1244 4859 sed
1272 4801 1394 4873 inritus,
1409 4802 1478 4875 quia
1501 4817 1569 4858 oum
1593 4799 1694 4858 dolore
1716 4801 1848 4862 dimittet

353 4879 394 4931 ⁰0
408 4876 559 4948 Puiredt'ne
572 4879 748 4934 Cssdsst'efflm·
1017 4907 1081 4964 quer
1097 4908 1163 4948 cum
1181 4908 1280 4949 amore
1304 4892 1442 4965 possedit,
1459 4907 1493 4948 ac
1507 4890 1587 4956 velit,
1603 4889 1686 4960 nolit,
1699 4893 1846 4950 constitu·

176 4963 300 5022 ‘Exibit
327 4964 449 5039 ⁸Pifst¹¹⁸
474 4966 549 5039 01⁰⁸,
565 4971 595 5022 θῐ
618 4970 781 5024 ‘evertetur
801 4965 830 5023 ῑῦ
853 4969 962 5023 issfffim
1016 4983 1065 5037 tus
1082 4985 1127 5037 ost
1146 4980 1172 5036 ei
1192 4979 1349 5049 terminus,
1361 4979 1410 5052 qui
1432 4980 1572 5052 praeteriri
1589 4996 1646 5036 nou
1663 4982 1773 5053 poterit
1785 4982 1846 5052 (lob

135 5070 232 5122 fluam.
250 5054 281 5110 5⁰
298 5053 888 5129 i¹¹1¹(¹5⁰Pilumni⁰¹1¹¹¹0⁵⁰⁰ilillffi⁰¹¹i³⁵
913 5074 961 5113 0⁰·
1015 5069 1085 5140 xiv),
1101 5069 1130 5126 in
1145 5086 1203 5142 quo
1218 5074 1297 5126 terra
1316 5073 1477 5125 revertetur
1499 5070 1530 5126 in
1558 5074 1676 5127 terrum.
1693 5069 1844 5143 Scriptum

135 5161 201 5201 ΝΠ]
219 5144 306 5218 (pmi-
322 5145 413 5219 σω1)·
430 5168 445 5196 ”
460 5145 482 5203 ⁰
496 5150 568 5220 (luot
586 5150 615 5203 Pi
638 5151 749 5220 (lnanta
771 5147 910 5204 ¹1¹⁰P²⁸¹⁰⁸
925 5148 961 5204 (¹⁰
1015 5162 1061 5215 est
1075 5157 1172 5215 onim:
1190 5159 1280 5216 'Perre
1294 5159 1375 5228 ss,et
1390 5157 1418 5214 in
1435 5163 1544 5214 terram
1556 5158 1614 5216 ibis
1625 5158 1701 5229 (Gerr.
1714 5162 1769 5228 ιιι).
1786 5160 1844 5219 Νι·

136 5236 293 5292 mussdfflffl
318 5234 495 5308 Pffllifllfflfi'
519 5235 727 5293 ῑῦθθῑῑῑῑΰῦῑῦθ
749 5236 888 5308 ΰθέῑῑῦὓῑ,
908 5237 959 5293 ted
1015 5245 1110 5304 torale
1134 5246 1283 5320 siquidem
1306 5250 1362 5316 est,
1378 5250 1412 5303 ut
1435 5247 1622 5305 materiatum
1638 5247 1669 5305 iu
1686 5248 1841 5306 materiam

136 5321 368 5396 subrepentina
383 5326 486 5383 mortis
501 5326 624 5384 articulo
640 5330 759 5399 repente
774 5331 879 5383 cuncte
896 5343 960 5399 qus
1015 5336 1188 5395 resolvatur.
1206 5359 1217 5386 ι
1234 5335 1352 5393 Auferet
1367 5352 1435 5408 argo
1451 5336 1588 5410 spirirum
1611 5353 1712 5394 oerum
1739 5343 1769 5395 st
1791 5340 1842 5396 (ιο.

134 5411 344 5484 cogitaverant,
359 5420 548 5473 assuescunt.
566 5436 578 5468 e
594 5414 796 5472 Sioutumbra
819 5432 886 5472 curn
910 5418 961 5473 de·
1014 5425 1125 5494 noiant,
1148 5429 1177 5483 et
1199 5424 1229 5482 ῑῃ
1253 5424 1402 5499 pulverem
1429 5440 1516 5483 auum
1542 5429 1726 5484 avertantur
1752 5432 1840 5497 (pm,

135 5498 224 5557 olinst
239 5499 328 5558 abluti
344 5507 424 5570 sunt,
441 5509 470 5561 et
493 5505 608 5562 excussi
634 5509 704 5560 sunt
727 5505 805 5560 sicut
828 5504 958 5563 locusta.
1013 5517 1110 5585 cml.
1127 5545 1163 5557 -
1177 5537 1192 5566 α
1208 5513 1281 5571 Cum
1297 5518 1395 5571 autem
1413 5514 1553 5571 morietur
1567 5512 1839 5584 bomo,bnrad11..

137 5588 227 5667 (Psot.
244 5590 334 5664 svin).
351 5613 366 5644 a
381 5592 479 5651 Uxibit
501 5609 570 5668 ergo
592 5592 714 5668 spiritus
737 5595 812 5668 ejus,
827 5611 887 5653 non
909 5594 966 5654 vo·¹
1013 5603 1057 5664 hta
1074 5601 1196 5677 basias,
1209 5606 1362 5678 carpenta
1385 5606 1416 5662 et
1439 5618 1554 5663 uermes
1575 5603 1671 5676 (sceti.
1684 5603 1757 5680 m).
1773 5626 1791 5658 e
1802 5636 1840 5650 -
