3796 5986
101 262 146 322 tri
678 272 982 333 SUPPLBMRNTUM.
1001 301 1037 316 -·
1054 276 1115 332 ΔΝ.
1137 270 1216 331 1204.

1750 261 1804 321 aaa
1859 226 1887 327 ¹.

99 386 280 446 observetur.
296 389 457 459 Preterea,
481 410 675 468 quascunque
703 397 919 470 possessiones,
935 400 1091 468 Adeiectu
1105 398 1223 456 testium
1233 398 1285 470 jus
1299 405 1429 454 vestrum
1444 395 1475 451 in
1490 393 1587 466 aliquo
1601 389 1799 465 valeatdape-

97 493 279 552 nomenque
293 480 370 538 bona
386 482 464 539 idem
479 486 692 543 monasterium
706 487 736 543 in
751 489 922 560 prasentia·

97 583 161 623 rum
173 569 258 639 juste
274 574 303 626 et
312 571 600 645 canonicepossidet,
609 576 698 633 autin
711 577 843 633 futurum
853 572 922 634 con·

96 656 229 715 oesaione
256 658 442 731 pontificum,
464 661 620 735 largitione
635 680 739 737 regum
757 665 801 723 vel
814 665 923 738 princi·

96 761 174 818 pnm,
182 746 335 805 oblatione
346 748 546 817 [idaliumneu
555 752 622 808 aliis
626 754 718 826 Justia
730 754 836 826 modia,
849 772 922 827 prae·

95 837 194 890 stsnte
206 836 343 906 Domino,
351 839 459 909 poterit
469 840 604 913 adipisci,
616 841 702 898 ilrma
713 843 923 901 vobisvestris·

94 938 149 995 qne
161 927 388 984 successoribus
401 927 803 1003 atillibatepermanean13in
814 932 923 1005 quibus

93 1010 155 1068 bec
168 1015 298 1087 propriis
310 1016 450 1073 duximus
462 1020 671 1091 experimenda
684 1021 835 1079 vocabulis
853 1041 859 1081 :

127 1101 242 1159 mcum
253 1104 353 1176 ipsum
370 1105 400 1162 in
415 1123 474 1180 quo
489 1107 642 1180 prelatum
659 1113 872 1169 monasterium
885 1113 924 1170 si-

93 1192 156 1245 tnm
174 1196 232 1260 ast,
243 1209 310 1249 cnm
327 1194 465 1252 omnibus
480 1197 923 1275 pertinentiissuiath);gran·

91 1278 172 1350 mam
200 1281 341 1353 abbatiae,
364 1299 431 1340 cum
462 1286 600 1342 omnibus
625 1288 811 1359 pertinentiis
838 1292 922 1361 euis;

91 1372 248 1441 grangiam
274 1373 311 1427 de
337 1373 464 1441 blancha,
489 1390 556 1430 cum
574 1376 711 1432 omnibus
736 1379 923 1447 pertinentiis

977 505 1146 650 lqriiisupen
1170 577 1345 633 auctoritate
1371 573 1533 647 apostolica
1557 571 1738 639 inhibemus,
1762 584 1799 627 ne

977 666 1056 723 ullue
1070 668 1227 739 episcopua
1245 666 1290 722 cel
1315 664 1374 721 alia
1396 678 1581 736 quacunque
1605 675 1740 734 persona,
1762 658 1800 715 ad

976 757 1113 828 synodos,
1121 755 1164 810 vel
1179 761 1342 810 conventus
1354 754 1495 818 lonenses,
1506 768 1557 808 voa
1568 747 1673 815 ire‚vsl
1685 747 1801 820 judicio
1891 764 1894 771 ·

977 843 1110 901 saeculari
1125 845 1160 899 de
1183 844 1299 916 proprie
1316 841 1479 906 subtantia,
1499 839 1544 897 vel
1558 836 1799 910 possessionibus

976 934 1092 1000 reatris,
1104 932 1258 1004 subjacere
1269 931 1437 1003 compellat,
1456 946 1508 985 nac
1520 929 1555 985 ad
1569 928 1674 983 domos
1690 932 1801 981 vestras

976 1038 1067 1079 causa
1093 1023 1205 1078 ordinis
1234 1020 1413 1086 celebrandi,
1444 1034 1535 1074 causa
1561 1014 1721 1086 tractandi,
1749 1011 1796 1070 uel

976 1116 1137 1168 conuentus
1149 1110 1265 1182 aliquos
1276 1107 1410 1182 publicos
1420 1102 1715 1172 convocandi,venire
1726 1116 1801 1174 pre·

977 1206 1088 1270 sumat,
1111 1217 1166 1257 nec
1191 1198 1354 1272 regularem
1377 1197 1550 1253 alentionem
1576 1193 1663 1250 vestri
1681 1189 1798 1249 abbatia

976 1291 1129 1362 impediat,
1154 1294 1207 1346 aut
1231 1290 1267 1345 do
1290 1287 1482 1354 instituendo,
1506 1283 1550 1341 vel
1574 1281 1751 1340 removendo
1766 1295 1800 1337 eo

975 1381 1024 1451 qui
1040 1396 1093 1452 pro
1108 1384 1238 1450 tempore
1254 1376 1352 1441 inerit,
1364 1381 1467 1433 contro
1477 1379 1590 1430 statuta
1600 1368 1801 1429 Cisterciensis

91 1458 174 1525 snie;
190 1460 347 1532 grangiam
374 1463 412 1518 de
432 1461 664 1533 Duromorttli),
691 1480 757 1522 oum
782 1467 923 1526 omnibus
976 1468 1089 1524 ordinis
1105 1483 1136 1524 ee
1152 1464 1537 1539 aliquatenusintromittat.
1555 1462 1585 1519 si
1600 1476 1667 1516 vero
1682 1459 1798 1532 epieco-

93 1545 283 1618 pertinentiis
297 1550 446 1623 euiatt2);
467 1551 621 1625 grangiam
635 1552 671 1608 de
693 1553 841 1626 lisquelio,
855 1572 922 1613 cum
976 1573 1031 1630 pua
1044 1556 1071 1612 in
1088 1556 1175 1629 cujus
1190 1554 1331 1628 parocbia
1354 1554 1461 1610 domus
1474 1557 1572 1608 vestra
1595 1549 1716 1606 lundata
1741 1550 1798 1616 eat,

91 1635 236 1693 omnibus
250 1637 436 1710 pertinentiis
461 1640 539 1710 euis;
560 1643 714 1714 grangiam
731 1643 768 1698 de
781 1646 920 1713 Antonio,
975 1660 1042 1701 oum
1059 1644 1224 1701 humilitate
1238 1649 1267 1700 at
1282 1642 1435 1700 devotione
1450 1658 1508 1712 qna
1521 1639 1658 1696 convenit
1672 1636 1799 1708 requisi·

92 1740 160 1781 cum
175 1727 317 1784 omnibus
332 1729 519 1800 pertinentiis
533 1730 615 1797 suie;
631 1732 786 1804 grangiam
803 1734 839 1790 de
862 1736 919 1792 Ro·
976 1740 1024 1791 tue
1035 1735 1228 1790 substitutum
1242 1733 1378 1789 abbatem
1394 1729 1576 1798 benedicere,
1598 1733 1628 1784 et
1650 1725 1708 1783 alia
1731 1741 1796 1798 qua

91 1814 202 1886 gitart3
219 1816 439 1874 oumomnibue
464 1820 649 1892 pertinentiis
669 1820 749 1890 snis;
764 1824 920 1896 grangiam
975 1827 1010 1882 ad
1032 1825 1162 1881 cilicium
1187 1824 1355 1897 episcopale
1381 1821 1529 1895 pertinent
1547 1817 1630 1875 vobis
1655 1817 1798 1884 conterre,

92 1904 128 1959 da
137 1903 548 1977 Templonio,oumomnibue
559 1907 745 1980 pertinentiis
755 1913 921 1984 suia.Sane,
973 1913 1113 1980 renuerit,
1139 1912 1252 1969 licitum
1269 1911 1306 1968 sit
1319 1911 1412 1967 eidem
1428 1907 1527 1966 abbati
1542 1907 1567 1962 si
1583 1911 1679 1962 tamen
1701 1919 1798 1961 aecer·

91 1991 231 2049 laborum
243 2000 418 2065 vestrorum,
446 2012 520 2068 quoa
549 1997 677 2069 propriis
707 2000 846 2056 manibus
870 2007 922 2058 aut
973 2003 1142 2070 desineris,
1170 2001 1305 2075 proprios
1334 1998 1459 2056 novitios
1485 1996 1670 2064 benedicere,
1693 1990 1799 2051 etaiia

92 2081 267 2153 sumptibus
277 2081 375 2140 colitis
385 2087 445 2141 tam
456 2085 491 2141 de
501 2085 681 2142 torriacultis
691 2103 779 2159 quam
790 2090 919 2157 incultis,
972 2108 1037 2165 que
1051 2093 1088 2148 ad
1104 2091 1235 2150 oidoium
1252 2105 1340 2146 suum
1356 2088 1506 2161 pertinent
1519 2098 1663 2152 exercere,
1677 2087 1706 2139 ot
1713 2080 1796 2139 vobis
1884 2110 1887 2115 ·

92 2169 203 2227 sivsde
217 2170 311 2228 hortis
326 2180 356 2228 et
375 2171 512 2246 virgultis
528 2179 558 2231 et
573 2174 787 2246 piscationibus
803 2183 919 2250 vestris,

91 2258 136 2314 rel
150 2260 190 2316 de
204 2259 397 2319 nutrimentis
408 2262 583 2319 animalium
594 2272 770 2335 vestrorum,
787 2266 888 2324 nullus
902 2285 921 2325 a

90 2345 175 2401 robis
206 2346 337 2404 decimas
350 2349 466 2421 exigere
480 2351 525 2406 cel
554 2357 726 2424 extorquere
748 2360 917 2426 prasumat.

93 2433 191 2491 liceat
207 2452 326 2509 quoque
340 2438 423 2495 vobis
443 2438 565 2497 clericos
587 2441 631 2497 vet
654 2441 745 2499 laicos
766 2443 874 2501 liberos
889 2450 919 2502 et

93 2523 249 2581 sbsolntos
264 2539 280 2580 e
293 2526 401 2584 seculo
417 2527 564 2600 fugientes
579 2530 615 2585 ad
633 2533 856 2590 conversionem
872 2550 918 2591 re·

92 2611 202 2685 cipere,
227 2620 258 2671 et
280 2631 331 2672 eos
356 2617 470 2688 absque
488 2619 721 2677 contradictione
735 2620 835 2694 aliqua
849 2622 920 2679 reti·

972 2182 1074 2238 omnia
1089 2181 1125 2237 ab
1155 2180 1213 2237 alio
1241 2180 1378 2252 episcopo
1407 2175 1558 2249 percipere
1582 2189 1648 2246 quae
1663 2188 1680 2229 a
1698 2173 1796 2227 uestro

972 2270 1083 2327 luerint
1100 2268 1231 2326 indebite
1254 2269 1398 2341 denegata
1425 2264 1498 2321 illud
1524 2262 1698 2334 adjicientes
1720 2259 1797 2316 utin

973 2359 1148 2431 recipiendis
1178 2355 1412 2431 professionibus
1436 2370 1500 2427 qun
1527 2369 1545 2409 a
1572 2347 1796 2408 benedictisvel

972 2446 1181 2504 benedicendis
1205 2444 1362 2501 abbatibus
1386 2440 1573 2508 exhibentur,
1588 2453 1624 2494 ea
1642 2437 1703 2493 sint
1715 2435 1793 2508 epis·

970 2537 1034 2607 copi
1047 2536 1141 2592 forma
1154 2541 1184 2591 ot
1198 2532 1386 2605 expressione
1395 2530 1535 2595 contenti,
1551 2543 1615 2598 que
1630 2525 1667 2582 ab
1682 2523 1796 2598 origine

971 2625 1084 2683 ordinis
1104 2623 1237 2680 noscitur
1251 2622 1399 2678 instituta.
1415 2617 1451 2675 Ut
1467 2616 1579 2673 scilicet
1600 2615 1721 2672 abbates
1735 2611 1793 2685 ipsi

92 2717 172 2758 nere.
190 2701 386 2761 nmhioemns
406 2704 537 2779 insuper,
553 2712 586 2763 ut
609 2708 708 2764 nullus
731 2710 855 2768 iratrum
871 2728 919 2769 re·
963 2712 1052 2771 'salso
1068 2713 1172 2769 ordine
1186 2727 1241 2768 sno
1257 2708 1386 2783 profiteri
1403 2707 1541 2775 debeant,
1556 2708 1585 2761 et
1607 2707 1709 2760 contra
1731 2706 1793 2758 ata·

91 2795 241 2857 strornm.
256 2798 324 2865 post
338 2794 444 2851 iactam
455 2795 486 2851 in
503 2798 683 2853 monasterio
698 2805 795 2856 vestro
806 2801 919 2873 proles·
969 2806 1034 2858 tuta
1046 2801 1160 2858 ordinis
1174 2801 1220 2857 sui
1236 2800 1350 2857 nullam
1366 2796 1580 2870 professionem
1597 2793 1691 2850 lacere
1711 2806 1791 2846 com·

90 2879 918 2955 lesionem,iaseitabsqueabbatissuilicentiadeeodem
970 2890 1129 2964 pellantur.

89 2967 153 3026 loco
163 2969 328 3027 discedere.
345 2970 552 3030 Discedentem
566 2991 634 3032 vero
655 2977 768 3050 absque
782 2994 919 3035 commu·
1005 2985 1060 3036 Pro
1083 2977 1354 3036 consecrationibus
1377 2991 1445 3031 vero
1464 2972 1615 3038 altarium,
1630 2970 1675 3026 vel
1700 2966 1794 3025 eccle·

89 3057 172 3113 nium
189 3057 356 3117 litterarum
367 3067 530 3119 vestrarum
547 3063 684 3120 cautione
695 3065 795 3124 nullus
810 3069 917 3125 audeat
970 3070 1082 3125 siarum
1099 3070 1159 3125 sive
1176 3085 1227 3140 pro
1250 3066 1313 3123 olco
1335 3069 1450 3132 sancto,
1467 3062 1512 3119 vel
1527 3059 1659 3134 quolibet
1673 3057 1731 3114 alio
1744 3072 1795 3113 eo-
1893 3108 1897 3119 .

89 3147 230 3204 retinere.
242 3148 323 3213 Quod
334 3149 435 3222 siquis
451 3151 526 3208 torte
541 3151 667 3210 retinere
682 3158 913 3228 presumpserit,
930 3139 952 3207 G
970 3156 1135 3215 clesiastico
1150 3160 1345 3220 sacramento,
1357 3153 1459 3211 nullus
1474 3167 1491 3207 a
1505 3152 1598 3217 vobis,
1609 3148 1795 3206 aubobteutu

88 3234 204 3293 licitum
216 3238 301 3295 robis
311 3237 390 3294 sitin
404 3237 486 3312 ipsos
502 3241 663 3299 monachos
687 3243 729 3300 rel
750 3261 918 3314 conversos,
972 3246 1205 3314 consuetudinis,
1220 3244 1265 3301 vel
1294 3243 1351 3300 alio
1376 3241 1507 3315 quolibet
1521 3240 1609 3296 modo
1630 3236 1795 3310 quidquem

89 3324 259 3399 regularem
270 3329 448 3385 sententiam
460 3331 741 3403 promulgara.lllud
753 3335 919 3393 districtius
972 3337 1080 3392 audeat
1098 3340 1290 3407 extorquer03
1307 3333 1356 3389 sed
1373 3332 1433 3389 hnc
1463 3329 1562 3386 omnia
1590 3326 1682 3401 gratia
1709 3323 1795 3381 vobis

90 3411 262 3470 inhibentes
277 3430 314 3471 ne
327 3420 422 3473 terras
437 3432 488 3473 eeu
503 3419 656 3489 quodlibet
671 3422 846 3479 beneficium
862 3425 916 3481 ilo-
971 3426 1128 3498 episcopus
1146 3425 1329 3480 dioecesanus
1347 3421 1507 3492 impendat.
1532 3416 1681 3489 alloquin,
1706 3413 1795 3470 liceat
1870 3442 1895 3487 ⁴.

90 3502 187 3559 ctesias
208 3504 467 3562 reanscollatum
492 3506 579 3564 liceat
606 3508 694 3565 alicui
724 3513 919 3583 personaliter
972 3515 1056 3571 vobis
1081 3528 1288 3587 quemcunque
1317 3508 1482 3566 malueritis
1510 3504 1688 3564 catholicum
1713 3500 1795 3558 adire

90 3592 169 3658 dari,
185 3592 248 3649 sive
263 3592 319 3650 alio
335 3595 422 3651 modo
438 3594 570 3664 alienari,
587 3598 699 3670 absque
713 3616 859 3657 consensu
871 3606 916 3659 to·
972 3602 1144 3669 antistitem,
1163 3601 1288 3676 gratiam
1315 3600 1343 3655 in
1368 3595 1608 3654 communionem
1624 3591 1791 3666 apostolica

90 3681 152 3737 tius
168 3680 289 3753 capituli
306 3682 349 3739 vel
364 3684 495 3755 majoris,
505 3686 693 3743 autaanioris
705 3690 798 3761 partie
810 3690 915 3762 ipsium
972 3692 1051 3749 aedis
1066 3689 1402 3762 habentem,quinostra
1417 3687 1509 3743 fretus
1524 3684 1698 3742 auctoritate
1712 3679 1794 3737 vobis
1886 3740 1893 3749 ,

88 3769 114 3825 si
128 3785 197 3840 qun
220 3785 289 3827 vero
317 3771 492 3829 donationes
519 3778 571 3830 aut
598 3775 802 3845 alienationes,
832 3779 917 3836 aliter
970 3781 1049 3854 quod
1065 3780 1232 3852 postulatur
1246 3777 1408 3850 impendat.
1425 3774 1548 3842 Quodsi
1565 3774 1650 3831 aedes
1664 3768 1793 3844 episcopi

87 3873 182 3930 qnam
209 3858 322 3916 dictum
345 3865 401 3931 eet,
417 3860 500 3918 iacta
525 3862 645 3929 luerint,
661 3880 712 3922 eae
736 3867 835 3924 irritas
851 3883 916 3926 esee
970 3868 1127 3925 diaecesani
1139 3869 1212 3925 torte
1234 3867 1389 3932 vacaverit,
1405 3864 1524 3920 interim
1539 3863 1640 3919 omnia
1655 3857 1790 3916 Ecclesia

87 3962 258 4005 censemus.
276 3950 319 4007 td
345 3949 406 4006 bac
426 3950 512 4007 etiam
536 3952 739 4024 prohibemus,
756 3972 792 4012 ne
807 3956 916 4030 aliquis
969 3960 1156 4014 sacramente
1177 3957 1208 4011 in
1223 3956 1328 4012 uicinis
1342 3953 1487 4027 episcopia
1502 3952 1633 4020 accipere
1649 3949 1751 4017 libera,
1763 3949 1792 4002 et

88 4037 257 4094 monachus
272 4039 334 4096 eive
348 4054 517 4107 conversus,
531 4042 587 4098 snb
609 4044 789 4116 professione
813 4051 915 4104 vestre
969 4048 1080 4119 absque
1100 4045 1330 4103 contradictione
1355 4043 1482 4114 possitis,
1510 4041 1553 4097 sic
1577 4046 1687 4106 tamen,
1713 4041 1744 4091 ut
1757 4051 1793 4092 cx

86 4125 193 4183 domui
209 4127 381 4196 adstrictus,
391 4127 455 4185 aine
469 4145 615 4188 consensu
626 4136 654 4188 et
664 4131 784 4189 licentia
798 4135 914 4193 abbatia
968 4135 1023 4192 hoo
1038 4136 1068 4191 in
1085 4143 1233 4208 posterum
1246 4131 1371 4204 propriis
1386 4129 1532 4202 episcopia
1548 4128 1662 4183 nullum
1679 4125 1788 4198 preju-

87 4220 117 4271 et
132 4215 259 4286 majoris
274 4218 368 4289 partia
392 4217 515 4291 capituli
538 4222 638 4286 vestri,
660 4238 713 4293 pro
737 4223 837 4297 aliquo
857 4226 914 4282 ilde
967 4225 1077 4282 dicium
1093 4228 1257 4298 generetur.
1271 4221 1344 4286 Quia
1358 4236 1425 4276 vero
1440 4219 1587 4274 interdum
1604 4214 1791 4289 propriorum

83 4303 205 4376 lubeat,
229 4304 271 4361 aei
295 4306 454 4379 abaliquo
477 4310 632 4381 pecuniam
655 4315 758 4369 mutuo
778 4315 912 4387 accipiat,
967 4313 1173 4385 episcoporum
1188 4311 1301 4383 copiam
1318 4325 1375 4364 non
1393 4307 1518 4377 habetis,
1535 4308 1559 4363 ei
1576 4321 1662 4377 quem
1679 4302 1790 4377 episco-
1888 4342 1891 4347 ,

89 4391 169 4449 ultre
185 4393 310 4465 pretinm
326 4395 447 4467 capituli
462 4397 551 4453 vestri
568 4399 751 4468 providentia
769 4405 911 4459 constitu·
968 4419 1049 4476 pum,
1062 4406 1198 4458 Romane
1214 4399 1302 4456 sodis.
1330 4402 1360 4451 nt
1386 4395 1527 4463 diximus,
1551 4391 1790 4451 communionem

86 4486 165 4549 tum,
177 4482 236 4539 niei
252 4488 373 4556 propter
387 4485 575 4543 manifestam
592 4489 700 4545 domus
714 4495 816 4547 vostra
832 4493 913 4550 utili·
930 4501 953 4566 1)
968 4490 1137 4557 habentem,
1149 4494 1176 4544 et
1187 4488 1222 4542 de
1233 4503 1292 4559 quo
1304 4485 1419 4557 plenam
1432 4484 1568 4541 notitiam
1584 4481 1727 4549 habeatis,
1740 4496 1793 4554 per

87 4575 196 4641 tatam;
210 4573 288 4644 quod
304 4572 331 4629 ei
346 4573 441 4631 iacere
456 4576 689 4648 praesumpserit,
705 4594 764 4636 non
779 4585 915 4638 teneatur
968 4597 1015 4637 voe
1030 4578 1162 4635 transire
1172 4576 1338 4650 contigerit,
1363 4576 1400 4631 ab
1420 4589 1453 4631 eo
1468 4571 1688 4630 benedictiones
1706 4585 1792 4626 vaso·

89 4666 254 4727 conventus
265 4678 316 4734 pro
330 4661 378 4719 his
394 4662 582 4736 aliquatenus
597 4669 785 4740 respondere.
969 4683 1033 4723 rum
1052 4675 1079 4722 et
1095 4667 1232 4735 vestium,
1260 4662 1497 4720 consecrationes
1509 4661 1660 4729 altarium,
1676 4658 1794 4716 ordina·

125 4748 255 4806 Licitum
270 4755 402 4822 preterea
429 4753 469 4807 sit
495 4752 579 4809 robis
599 4754 628 4809 in
650 4754 750 4812 causis
774 4757 914 4828 propriis,
967 4757 1062 4812 tiones
1086 4754 1308 4824 monachorum,
1324 4751 1499 4809 auctoritate
1523 4748 1690 4824 apostolica
1712 4747 1791 4804 sadis

89 4837 152 4895 sive
165 4837 296 4907 civilem,
311 4839 374 4896 sive
387 4838 572 4896 criminalem
588 4842 759 4900 contineant
773 4847 914 4917 quastio-
968 4846 1097 4915 recipere
1112 4843 1243 4900 valeatis.

90 4942 169 4994 nem,
196 4927 332 4984 Fratrum
361 4933 523 4985 vestrorum
539 4928 718 4987 testimoniis
737 4932 780 4989 nti
805 4948 841 4991 ne
861 4951 913 5008 pro
1003 4933 1092 4989 Porro
1106 4932 1132 4988 si
1149 4931 1278 5005 episcopi
1295 4929 1339 4987 vel
1354 4929 1404 4985 alii
1429 4928 1624 4986 Ecclesiarum
1650 4927 1790 4993 ractores,

116 5158 183 5245 llo)
196 5156 311 5226 Gonier,
328 5155 408 5240 apud
423 5155 566 5245 Mirmnm,
576 5167 597 5216 t.
614 5160 636 5226 l,
646 5175 709 5232 pap.
720 5161 783 5231 730,
793 5177 855 5238 cop.
866 5162 912 5235 99,
969 5170 1078 5249 rernort
1093 5166 1129 5221 de
1144 5164 1229 5221 nobie
1246 5163 1395 5232 tenuit,de
1408 5161 1523 5246 tlaltero
1534 5175 1601 5217 vero
1622 5157 1790 5231 Stephanus

87 5227 588 5373 dimittitemini.
604 5307 695 5375 nn.
710 5301 912 5373 ananam
968 5229 1788 5383 ttitlttittzttillitterati?otiati:

107 5390 147 5432 us
161 5371 469 5430 neocaesaraea
488 5388 586 5443 cornea,
605 5382 631 5431 cl
650 5375 738 5431 silan
758 5378 912 5445 exercitet,
969 5399 1018 5439 um
1031 5381 1251 5508 possidendam,
1267 5384 1322 5435 eto.
1338 5376 1515 5432 annuimus.
1533 5396 1548 5424 »

153 5443 274 5517 tmesi,
288 5456 363 5499 anno
387 5443 469 5509 ⁴252,
491 5445 618 5504 clonia
640 5446 789 5504 Laudaret.
812 5447 854 5504 Ibi
870 5450 913 5506 aio
1003 5455 1030 5521 (t
1052 5454 1161 5524 lapud
1178 5452 1309 5507 Mirnum
1326 5447 1445 5502 additur
1457 5463 1464 5502 :
1476 5444 1790 5518 Grannicmdedretcnt

86 5517 196 5592 legitor
212 5533 248 5573 :a
257 5513 395 5573 aeclesia
406 5531 537 5588 namque
549 5525 575 5574 et
586 5518 711 5575 abbatie
726 5519 762 5574 de
779 5519 836 5575 Los
848 5519 913 5576 Cla·
967 5541 1030 5583 cam
1044 5524 1170 5583 omnious
1181 5517 1363 5597 pertinentiis
1377 5515 1446 5574 suis.

87 5587 262 5649 rsssllensie
276 5585 406 5659 Ordinis,
416 5591 524 5648 terram
538 5604 628 5663 quam
638 5591 785 5650 Walterus
801 5591 837 5649 de
851 5591 914 5650 Du·
