<?xml version="1.0" encoding="UTF-8"?>
<!DOCTYPE html PUBLIC "-//W3C//DTD XHTML 1.0 Transitional//EN"
    "http://www.w3.org/TR/xhtml1/DTD/xhtml1-transitional.dtd">
<html xmlns="http://www.w3.org/1999/xhtml" xml:lang="en" lang="en">
 <head>
  <title>
</title>
<meta http-equiv="Content-Type" content="text/html;charset=utf-8" />
  <meta name='ocr-system' content='tesseract 3.04.00' />
  <meta name='ocr-capabilities' content='ocr_page ocr_carea ocr_par ocr_line ocrx_word'/>
</head>
<body>
  <div class='ocr_page' id='page_1' title='image "./patrologiaecurs27unkngoog/patrologiaecurs27unkngoog_0566.png"; bbox 0 0 3796 5986; ppageno 0'>
   <div class='ocr_carea' id='block_1_1' title="bbox 90 247 1807 310">
    <p class='ocr_par' dir='ltr' id='par_1_1' title="bbox 90 247 1807 310">
     <span class='ocr_line' id='line_1_1' title="bbox 90 247 1807 310; baseline 0.001 -7"><span class='ocrx_word' id='word_1_1' title='bbox 90 247 161 305; x_wconf 83' lang='lat'>1117</span> <span class='ocrx_word' id='word_1_2' title='bbox 462 249 647 308; x_wconf 69' lang='lat' dir='ltr'>OEMMBNT.</span> <span class='ocrx_word' id='word_1_3' title='bbox 667 256 705 310; x_wconf 80' lang='lat' dir='ltr'>m</span> <span class='ocrx_word' id='word_1_4' title='bbox 724 255 775 310; x_wconf 85' lang='lat' dir='ltr'>Vll</span> <span class='ocrx_word' id='word_1_5' title='bbox 794 251 959 310; x_wconf 66' lang='lat' dir='ltr'>munos</span> <span class='ocrx_word' id='word_1_6' title='bbox 976 251 1178 308; x_wconf 71' lang='lat' dir='ltr'>emeram.</span> <span class='ocrx_word' id='word_1_7' title='bbox 1193 277 1228 290; x_wconf 91' lang='lat'><em>-</em></span> <span class='ocrx_word' id='word_1_8' title='bbox 1239 250 1338 306; x_wconf 75' lang='lat' dir='ltr'>esen.</span> <span class='ocrx_word' id='word_1_9' title='bbox 1358 248 1418 304; x_wconf 86' lang='lat' dir='ltr'>vu.</span> <span class='ocrx_word' id='word_1_10' title='bbox 1727 247 1807 306; x_wconf 81' lang='lat' dir='ltr'>ills·</span> 
     </span>
    </p>
   </div>
   <div class='ocr_carea' id='block_1_2' title="bbox 85 373 1870 2325">
    <p class='ocr_par' dir='ltr' id='par_1_2' title="bbox 85 373 1870 2146">
     <span class='ocr_line' id='line_1_2' title="bbox 88 373 1794 449; baseline -0.001 -17"><span class='ocrx_word' id='word_1_11' title='bbox 88 376 245 447; x_wconf 83' lang='lat' dir='ltr'>majorem,</span> <span class='ocrx_word' id='word_1_12' title='bbox 267 376 299 429; x_wconf 93' lang='lat' dir='ltr'>ut</span> <span class='ocrx_word' id='word_1_13' title='bbox 314 390 392 430; x_wconf 89' lang='lat' dir='ltr'>unos</span> <span class='ocrx_word' id='word_1_14' title='bbox 408 390 460 447; x_wconf 93' lang='lat' dir='ltr'>pro</span> <span class='ocrx_word' id='word_1_15' title='bbox 476 375 620 433; x_wconf 85' lang='lat' dir='ltr'>universis</span> <span class='ocrx_word' id='word_1_16' title='bbox 632 376 782 436; x_wconf 85' lang='lat' dir='ltr'>sufficiens</span> <span class='ocrx_word' id='word_1_17' title='bbox 797 378 917 435; x_wconf 86' lang='lat' dir='ltr'>habere·</span> <span class='ocrx_word' id='word_1_18' title='bbox 931 379 957 446; x_wconf 75' lang='grc' dir='ltr'>Α</span> <span class='ocrx_word' id='word_1_19' title='bbox 1008 377 1115 433; x_wconf 88' lang='lat' dir='ltr'>Servos</span> <span class='ocrx_word' id='word_1_20' title='bbox 1131 375 1249 449; x_wconf 87' lang='lat' dir='ltr'>quidem</span> <span class='ocrx_word' id='word_1_21' title='bbox 1264 390 1360 447; x_wconf 89' lang='lat' dir='ltr'>regem</span> <span class='ocrx_word' id='word_1_22' title='bbox 1377 373 1548 444; x_wconf 73' lang='lat' dir='ltr'>offenderet,</span> <span class='ocrx_word' id='word_1_23' title='bbox 1573 377 1694 448; x_wconf 89' lang='lat' dir='ltr'>propter</span> <span class='ocrx_word' id='word_1_24' title='bbox 1715 376 1794 448; x_wconf 87' lang='lat' dir='ltr'>qnod</span> 
     </span>
     <span class='ocr_line' id='line_1_3' title="bbox 87 461 1797 540; baseline 0 -19"><span class='ocrx_word' id='word_1_25' title='bbox 87 468 149 521; x_wconf 90' lang='lat' dir='ltr'>tur.</span> <span class='ocrx_word' id='word_1_26' title='bbox 166 464 308 528; x_wconf 76' lang='lat' dir='ltr'><strong>Quocirca</strong></span> <span class='ocrx_word' id='word_1_27' title='bbox 326 465 441 520; x_wconf 80' lang='lat' dir='ltr'><strong><em>Verbum</em></strong></span> <span class='ocrx_word' id='word_1_28' title='bbox 455 467 640 535; x_wconf 68' lang='lat' dir='ltr'>rarefactum</span> <span class='ocrx_word' id='word_1_29' title='bbox 668 471 707 523; x_wconf 88' lang='lat' dir='ltr'>est</span> <span class='ocrx_word' id='word_1_30' title='bbox 724 468 815 539; x_wconf 86' lang='lat' dir='ltr'>(loon.</span> <span class='ocrx_word' id='word_1_31' title='bbox 839 468 871 540; x_wconf 86' lang='lat' dir='ltr'>r),</span> <span class='ocrx_word' id='word_1_32' title='bbox 886 469 919 522; x_wconf 89' lang='lat' dir='ltr'>ul</span> <span class='ocrx_word' id='word_1_33' title='bbox 973 466 1100 522; x_wconf 90' lang='lat' dir='ltr'>traditus</span> <span class='ocrx_word' id='word_1_34' title='bbox 1116 470 1178 521; x_wconf 87' lang='lat' dir='ltr'>erat</span> <span class='ocrx_word' id='word_1_35' title='bbox 1190 468 1324 539; x_wconf 80' lang='lat' dir='ltr'>tyranno,</span> <span class='ocrx_word' id='word_1_36' title='bbox 1340 463 1390 536; x_wconf 89' lang='lat' dir='ltr'>qui</span> <span class='ocrx_word' id='word_1_37' title='bbox 1407 479 1475 518; x_wconf 89' lang='lat' dir='ltr'>eum</span> <span class='ocrx_word' id='word_1_38' title='bbox 1492 461 1522 518; x_wconf 93' lang='lat' dir='ltr'>in</span> <span class='ocrx_word' id='word_1_39' title='bbox 1551 479 1698 519; x_wconf 89' lang='lat' dir='ltr'>carcerem</span> <span class='ocrx_word' id='word_1_40' title='bbox 1720 463 1797 521; x_wconf 89' lang='lat' dir='ltr'>deti·</span> 
     </span>
     <span class='ocr_line' id='line_1_4' title="bbox 88 552 1795 630; baseline 0 -19"><span class='ocrx_word' id='word_1_41' title='bbox 88 555 211 611; x_wconf 90' lang='lat' dir='ltr'>daretur</span> <span class='ocrx_word' id='word_1_42' title='bbox 225 553 396 610; x_wconf 89' lang='lat' dir='ltr'>bominibus</span> <span class='ocrx_word' id='word_1_43' title='bbox 419 553 496 610; x_wconf 89' lang='lat' dir='ltr'>Deus</span> <span class='ocrx_word' id='word_1_44' title='bbox 512 555 611 625; x_wconf 89' lang='lat' dir='ltr'>homo,</span> <span class='ocrx_word' id='word_1_45' title='bbox 642 556 719 613; x_wconf 90' lang='lat' dir='ltr'>sicut</span> <span class='ocrx_word' id='word_1_46' title='bbox 745 558 932 630; x_wconf 74' lang='lat' dir='ltr'>predixerat.</span> <span class='ocrx_word' id='word_1_47' title='bbox 973 572 1045 611; x_wconf 88' lang='lat' dir='ltr'>nens</span> <span class='ocrx_word' id='word_1_48' title='bbox 1060 555 1186 629; x_wconf 86' lang='lat' dir='ltr'>graviter</span> <span class='ocrx_word' id='word_1_49' title='bbox 1201 554 1351 625; x_wconf 78' lang='lat' dir='ltr'>affligebat</span> <span class='ocrx_word' id='word_1_50' title='bbox 1363 569 1504 624; x_wconf 65' lang='lat' dir='ltr'>mumque</span> <span class='ocrx_word' id='word_1_51' title='bbox 1516 552 1795 626; x_wconf 84' lang='lat' dir='ltr'>perselibsrsrinon</span> 
     </span>
     <span class='ocr_line' id='line_1_5' title="bbox 90 642 1797 719; baseline 0.001 -20"><span class='ocrx_word' id='word_1_52' title='bbox 90 644 185 699; x_wconf 88' lang='lat' dir='ltr'>lseins</span> <span class='ocrx_word' id='word_1_53' title='bbox 205 661 211 699; x_wconf 94' lang='lat'><strong>:</strong></span> <span class='ocrx_word' id='word_1_54' title='bbox 228 649 303 699; x_wconf 85' lang='lat' dir='ltr'>Puer</span> <span class='ocrx_word' id='word_1_55' title='bbox 316 647 454 699; x_wconf 88' lang='lat' dir='ltr'>natusest</span> <span class='ocrx_word' id='word_1_56' title='bbox 469 643 560 711; x_wconf 88' lang='lat' dir='ltr'>nobis,</span> <span class='ocrx_word' id='word_1_57' title='bbox 575 650 601 700; x_wconf 88' lang='lat' dir='ltr'>et</span> <span class='ocrx_word' id='word_1_58' title='bbox 620 645 697 716; x_wconf 73' lang='lat' dir='ltr'>filius</span> <span class='ocrx_word' id='word_1_59' title='bbox 718 647 799 703; x_wconf 87' lang='lat' dir='ltr'>dotus</span> <span class='ocrx_word' id='word_1_60' title='bbox 811 651 851 703; x_wconf 90' lang='lat' dir='ltr'>est</span> <span class='ocrx_word' id='word_1_61' title='bbox 865 663 916 703; x_wconf 88' lang='lat' dir='ltr'>nn·</span> <span class='ocrx_word' id='word_1_62' title='bbox 973 652 1083 719; x_wconf 88' lang='lat' dir='ltr'>posset,</span> <span class='ocrx_word' id='word_1_63' title='bbox 1099 643 1166 718; x_wconf 88' lang='lat' dir='ltr'>pius</span> <span class='ocrx_word' id='word_1_64' title='bbox 1181 644 1274 700; x_wconf 88' lang='lat' dir='ltr'>adluit</span> <span class='ocrx_word' id='word_1_65' title='bbox 1290 643 1445 713; x_wconf 78' lang='lat' dir='ltr'>mediator,</span> <span class='ocrx_word' id='word_1_66' title='bbox 1462 642 1525 715; x_wconf 90' lang='lat' dir='ltr'>qui,</span> <span class='ocrx_word' id='word_1_67' title='bbox 1550 642 1667 699; x_wconf 85' lang='lat' dir='ltr'>solvens</span> <span class='ocrx_word' id='word_1_68' title='bbox 1684 659 1797 714; x_wconf 85' lang='lat' dir='ltr'>poenam</span> 
     </span>
     <span class='ocr_line' id='line_1_6' title="bbox 90 731 1798 809; baseline 0.001 -21"><span class='ocrx_word' id='word_1_69' title='bbox 90 733 213 803; x_wconf 80' lang='lat' dir='ltr'>bisllcn.</span> <span class='ocrx_word' id='word_1_70' title='bbox 231 733 280 805; x_wconf 84' lang='lat' dir='ltr'>in),</span> <span class='ocrx_word' id='word_1_71' title='bbox 298 736 330 787; x_wconf 91' lang='lat' dir='ltr'>nt</span> <span class='ocrx_word' id='word_1_72' title='bbox 344 732 373 787; x_wconf 94' lang='lat' dir='ltr'>in</span> <span class='ocrx_word' id='word_1_73' title='bbox 400 733 713 804; x_wconf 89' lang='lat' dir='ltr'>cernemundissima,</span> <span class='ocrx_word' id='word_1_74' title='bbox 742 751 806 807; x_wconf 83' lang='lat' dir='ltr'>qun</span> <span class='ocrx_word' id='word_1_75' title='bbox 836 752 917 808; x_wconf 90' lang='lat' dir='ltr'>pror·</span> <span class='ocrx_word' id='word_1_76' title='bbox 973 751 1025 809; x_wconf 93' lang='lat' dir='ltr'>pro</span> <span class='ocrx_word' id='word_1_77' title='bbox 1040 734 1137 807; x_wconf 89' lang='lat' dir='ltr'>culpa,</span> <span class='ocrx_word' id='word_1_78' title='bbox 1154 734 1298 790; x_wconf 76' lang='lat' dir='ltr'>satisfecit</span> <span class='ocrx_word' id='word_1_79' title='bbox 1312 732 1371 806; x_wconf 90' lang='lat' dir='ltr'>regi</span> <span class='ocrx_word' id='word_1_80' title='bbox 1388 737 1599 801; x_wconf 86' lang='lat' dir='ltr'>proservo;et</span> <span class='ocrx_word' id='word_1_81' title='bbox 1610 731 1652 789; x_wconf 90' lang='lat' dir='ltr'>sio</span> <span class='ocrx_word' id='word_1_82' title='bbox 1667 737 1798 790; x_wconf 83' lang='lat' dir='ltr'>cessante</span> 
     </span>
     <span class='ocr_line' id='line_1_7' title="bbox 89 821 1798 898; baseline 0.001 -20"><span class='ocrx_word' id='word_1_83' title='bbox 89 839 144 878; x_wconf 91' lang='lat' dir='ltr'>sus</span> <span class='ocrx_word' id='word_1_84' title='bbox 160 825 238 878; x_wconf 88' lang='lat' dir='ltr'>esset</span> <span class='ocrx_word' id='word_1_85' title='bbox 254 821 396 876; x_wconf 90' lang='lat' dir='ltr'>immunis</span> <span class='ocrx_word' id='word_1_86' title='bbox 411 838 427 877; x_wconf 92' lang='lat' dir='ltr'>a</span> <span class='ocrx_word' id='word_1_87' title='bbox 442 822 540 895; x_wconf 86' lang='lat' dir='ltr'>eulpa,</span> <span class='ocrx_word' id='word_1_88' title='bbox 555 825 730 882; x_wconf 91' lang='lat' dir='ltr'>sustinendo</span> <span class='ocrx_word' id='word_1_89' title='bbox 741 842 854 898; x_wconf 75' lang='lat' dir='ltr'>paenam</span> <span class='ocrx_word' id='word_1_90' title='bbox 872 825 918 880; x_wconf 92' lang='lat' dir='ltr'>in·</span> <span class='ocrx_word' id='word_1_91' title='bbox 973 841 1072 890; x_wconf 87' lang='lat' dir='ltr'>causa,</span> <span class='ocrx_word' id='word_1_92' title='bbox 1090 824 1214 879; x_wconf 86' lang='lat' dir='ltr'>cessavit</span> <span class='ocrx_word' id='word_1_93' title='bbox 1230 823 1351 880; x_wconf 82' lang='lat' dir='ltr'>effectus</span> <span class='ocrx_word' id='word_1_94' title='bbox 1379 821 1461 878; x_wconf 90' lang='lat' dir='ltr'>Unde</span> <span class='ocrx_word' id='word_1_95' title='bbox 1477 821 1619 877; x_wconf 87' lang='lat' dir='ltr'>liberatus</span> <span class='ocrx_word' id='word_1_96' title='bbox 1634 827 1679 877; x_wconf 87' lang='lat' dir='ltr'>est</span> <span class='ocrx_word' id='word_1_97' title='bbox 1694 837 1798 880; x_wconf 84' lang='lat' dir='ltr'>servus</span> 
     </span>
     <span class='ocr_line' id='line_1_8' title="bbox 88 909 1800 985; baseline -0.001 -18"><span class='ocrx_word' id='word_1_98' title='bbox 88 910 230 974; x_wconf 78' lang='lat' dir='ltr'>debitam,</span> <span class='ocrx_word' id='word_1_99' title='bbox 247 910 374 982; x_wconf 90' lang='lat' dir='ltr'>pretium</span> <span class='ocrx_word' id='word_1_100' title='bbox 392 911 604 984; x_wconf 79' lang='lat' dir='ltr'><strong>redemptionis</strong></span> <span class='ocrx_word' id='word_1_101' title='bbox 621 914 754 971; x_wconf 82' lang='lat' dir='ltr'>bumana</span> <span class='ocrx_word' id='word_1_102' title='bbox 767 919 822 971; x_wconf 84' lang='lat' dir='ltr'>Deo</span> <span class='ocrx_word' id='word_1_103' title='bbox 838 914 917 971; x_wconf 88' lang='lat' dir='ltr'>Patri</span> <span class='ocrx_word' id='word_1_104' title='bbox 973 914 1100 970; x_wconf 87' lang='lat' dir='ltr'>adebito</span> <span class='ocrx_word' id='word_1_105' title='bbox 1116 912 1218 985; x_wconf 76' lang='lat' dir='ltr'>culpe,</span> <span class='ocrx_word' id='word_1_106' title='bbox 1235 912 1336 984; x_wconf 88' lang='lat' dir='ltr'>ajogo</span> <span class='ocrx_word' id='word_1_107' title='bbox 1354 910 1468 984; x_wconf 76' lang='lat' dir='ltr'>tyranni</span> <span class='ocrx_word' id='word_1_108' title='bbox 1486 916 1515 966; x_wconf 88' lang='lat' dir='ltr'>et</span> <span class='ocrx_word' id='word_1_109' title='bbox 1524 910 1560 967; x_wconf 89' lang='lat' dir='ltr'>ab</span> <span class='ocrx_word' id='word_1_110' title='bbox 1573 909 1722 983; x_wconf 85' lang='lat' dir='ltr'>ergastulo</span> <span class='ocrx_word' id='word_1_111' title='bbox 1736 927 1800 967; x_wconf 90' lang='lat' dir='ltr'>cnr·</span> 
     </span>
     <span class='ocr_line' id='line_1_9' title="bbox 90 999 1798 1074; baseline 0.001 -19"><span class='ocrx_word' id='word_1_112' title='bbox 90 1001 280 1071; x_wconf 75' lang='lat' dir='ltr'><strong>persolveret,</strong></span> <span class='ocrx_word' id='word_1_113' title='bbox 294 1001 383 1070; x_wconf 73' lang='lat' dir='ltr'>[actus</span> <span class='ocrx_word' id='word_1_114' title='bbox 395 999 524 1057; x_wconf 85' lang='lat' dir='ltr'>obediens</span> <span class='ocrx_word' id='word_1_115' title='bbox 539 1018 624 1074; x_wconf 82' lang='lat' dir='ltr'>usque</span> <span class='ocrx_word' id='word_1_116' title='bbox 646 1003 681 1058; x_wconf 89' lang='lat' dir='ltr'>ad</span> <span class='ocrx_word' id='word_1_117' title='bbox 705 1012 829 1071; x_wconf 88' lang='lat' dir='ltr'>mortem,</span> <span class='ocrx_word' id='word_1_118' title='bbox 844 1020 918 1059; x_wconf 90' lang='lat' dir='ltr'>mor·</span> <span class='ocrx_word' id='word_1_119' title='bbox 973 1003 1057 1059; x_wconf 85' lang='lat' dir='ltr'>ceris.</span> <span class='ocrx_word' id='word_1_120' title='bbox 1075 1002 1182 1057; x_wconf 88' lang='lat' dir='ltr'>Servus</span> <span class='ocrx_word' id='word_1_121' title='bbox 1198 1002 1295 1065; x_wconf 84' lang='lat' dir='ltr'>bomo,</span> <span class='ocrx_word' id='word_1_122' title='bbox 1315 1017 1364 1055; x_wconf 85' lang='lat' dir='ltr'>rex</span> <span class='ocrx_word' id='word_1_123' title='bbox 1382 1003 1467 1058; x_wconf 82' lang='lat' dir='ltr'>neus.</span> <span class='ocrx_word' id='word_1_124' title='bbox 1486 999 1630 1055; x_wconf 75' lang='lat' dir='ltr'>mediator</span> <span class='ocrx_word' id='word_1_125' title='bbox 1653 999 1798 1071; x_wconf 86' lang='lat' dir='ltr'>Christus,</span> 
     </span>
     <span class='ocr_line' id='line_1_10' title="bbox 89 1088 1799 1164; baseline 0.001 -20"><span class='ocrx_word' id='word_1_126' title='bbox 89 1093 148 1144; x_wconf 89' lang='lat' dir='ltr'>tem</span> <span class='ocrx_word' id='word_1_127' title='bbox 161 1093 254 1145; x_wconf 82' lang='lat' dir='ltr'>autern</span> <span class='ocrx_word' id='word_1_128' title='bbox 282 1091 374 1144; x_wconf 89' lang='lat' dir='ltr'>crucis</span> <span class='ocrx_word' id='word_1_129' title='bbox 399 1089 486 1161; x_wconf 77' lang='lat' dir='ltr'>(eust.</span> <span class='ocrx_word' id='word_1_130' title='bbox 504 1093 546 1159; x_wconf 88' lang='lat' dir='ltr'>u).</span> <span class='ocrx_word' id='word_1_131' title='bbox 574 1092 709 1164; x_wconf 87' lang='lat' dir='ltr'>Suscepit</span> <span class='ocrx_word' id='word_1_132' title='bbox 736 1091 827 1164; x_wconf 92' lang='lat' dir='ltr'>igitur</span> <span class='ocrx_word' id='word_1_133' title='bbox 841 1092 869 1147; x_wconf 92' lang='lat' dir='ltr'>in</span> <span class='ocrx_word' id='word_1_134' title='bbox 887 1109 919 1149; x_wconf 86' lang='lat' dir='ltr'>se</span> <span class='ocrx_word' id='word_1_135' title='bbox 973 1093 1085 1148; x_wconf 77' lang='lat' dir='ltr'>offensa</span> <span class='ocrx_word' id='word_1_136' title='bbox 1099 1089 1308 1159; x_wconf 68' lang='lat' dir='ltr'>inobedientia,</span> <span class='ocrx_word' id='word_1_137' title='bbox 1333 1095 1479 1162; x_wconf 72' lang='lat' dir='ltr'>tyrannus</span> <span class='ocrx_word' id='word_1_138' title='bbox 1494 1088 1632 1145; x_wconf 86' lang='lat' dir='ltr'>diabolus</span> <span class='ocrx_word' id='word_1_139' title='bbox 1647 1093 1676 1144; x_wconf 90' lang='lat' dir='ltr'>et</span> <span class='ocrx_word' id='word_1_140' title='bbox 1698 1105 1799 1146; x_wconf 85' lang='lat' dir='ltr'>carcer</span> 
     </span>
     <span class='ocr_line' id='line_1_11' title="bbox 89 1177 1796 1253; baseline 0.002 -22"><span class='ocrx_word' id='word_1_141' title='bbox 89 1192 206 1249; x_wconf 79' lang='lat' dir='ltr'>pannem</span> <span class='ocrx_word' id='word_1_142' title='bbox 223 1193 275 1248; x_wconf 94' lang='lat' dir='ltr'>pro</span> <span class='ocrx_word' id='word_1_143' title='bbox 291 1178 441 1245; x_wconf 88' lang='lat' dir='ltr'>omnibus,</span> <span class='ocrx_word' id='word_1_144' title='bbox 458 1182 491 1234; x_wconf 91' lang='lat' dir='ltr'>ot</span> <span class='ocrx_word' id='word_1_145' title='bbox 506 1181 588 1235; x_wconf 87' lang='lat' dir='ltr'>daret</span> <span class='ocrx_word' id='word_1_146' title='bbox 605 1196 656 1253; x_wconf 89' lang='lat' dir='ltr'>per</span> <span class='ocrx_word' id='word_1_147' title='bbox 669 1197 701 1236; x_wconf 89' lang='lat' dir='ltr'>se</span> <span class='ocrx_word' id='word_1_148' title='bbox 716 1181 838 1253; x_wconf 77' lang='lat' dir='ltr'>gloriam</span> <span class='ocrx_word' id='word_1_149' title='bbox 851 1181 918 1238; x_wconf 92' lang='lat' dir='ltr'>uni·</span> <span class='ocrx_word' id='word_1_150' title='bbox 972 1178 1361 1236; x_wconf 75' lang='lat' dir='ltr'>internuscnrinusautem</span> <span class='ocrx_word' id='word_1_151' title='bbox 1372 1195 1422 1250; x_wconf 92' lang='lat' dir='ltr'>pro</span> <span class='ocrx_word' id='word_1_152' title='bbox 1438 1177 1525 1249; x_wconf 87' lang='lat' dir='ltr'>eulpa</span> <span class='ocrx_word' id='word_1_153' title='bbox 1539 1177 1669 1233; x_wconf 87' lang='lat' dir='ltr'>bominis</span> <span class='ocrx_word' id='word_1_154' title='bbox 1682 1194 1796 1247; x_wconf 89' lang='lat' dir='ltr'>poenam</span> 
     </span>
     <span class='ocr_line' id='line_1_12' title="bbox 86 1266 1796 1341; baseline 0 -18"><span class='ocrx_word' id='word_1_155' title='bbox 86 1266 507 1341; x_wconf 86' lang='lat' dir='ltr'>versis,1saiatestante,qoi</span> <span class='ocrx_word' id='word_1_156' title='bbox 525 1269 588 1325; x_wconf 89' lang='lat' dir='ltr'>sit:</span> <span class='ocrx_word' id='word_1_157' title='bbox 614 1271 916 1339; x_wconf 83' lang='lat' dir='ltr'>Vulneratusestpro·</span> <span class='ocrx_word' id='word_1_158' title='bbox 973 1267 1406 1341; x_wconf 88' lang='lat' dir='ltr'>mortisDeoPatripersolvil,</span> <span class='ocrx_word' id='word_1_159' title='bbox 1435 1271 1464 1323; x_wconf 87' lang='lat' dir='ltr'>et</span> <span class='ocrx_word' id='word_1_160' title='bbox 1489 1267 1615 1323; x_wconf 85' lang='lat' dir='ltr'>siodato</span> <span class='ocrx_word' id='word_1_161' title='bbox 1643 1267 1796 1339; x_wconf 80' lang='lat' dir='ltr'>pratione-</span> 
     </span>
     <span class='ocr_line' id='line_1_13' title="bbox 85 1355 1794 1431; baseline -0.001 -19"><span class='ocrx_word' id='word_1_162' title='bbox 85 1359 149 1430; x_wconf 88' lang='lat' dir='ltr'>pter</span> <span class='ocrx_word' id='word_1_163' title='bbox 160 1355 322 1428; x_wconf 74' lang='lat' dir='ltr'>iniquitates</span> <span class='ocrx_word' id='word_1_164' title='bbox 347 1359 467 1424; x_wconf 86' lang='lat' dir='ltr'>nostras,</span> <span class='ocrx_word' id='word_1_165' title='bbox 497 1357 611 1413; x_wconf 84' lang='lat' dir='ltr'>attritus</span> <span class='ocrx_word' id='word_1_166' title='bbox 624 1361 664 1414; x_wconf 85' lang='lat' dir='ltr'>est</span> <span class='ocrx_word' id='word_1_167' title='bbox 687 1367 799 1431; x_wconf 84' lang='lat' dir='ltr'>propter</span> <span class='ocrx_word' id='word_1_168' title='bbox 812 1359 917 1415; x_wconf 87' lang='lat' dir='ltr'>seelera</span> <span class='ocrx_word' id='word_1_169' title='bbox 973 1360 1110 1431; x_wconf 90' lang='lat' dir='ltr'>demptus</span> <span class='ocrx_word' id='word_1_170' title='bbox 1126 1360 1170 1413; x_wconf 89' lang='lat' dir='ltr'>est</span> <span class='ocrx_word' id='word_1_171' title='bbox 1191 1357 1311 1414; x_wconf 90' lang='lat' dir='ltr'>homoa</span> <span class='ocrx_word' id='word_1_172' title='bbox 1339 1361 1468 1428; x_wconf 88' lang='lat' dir='ltr'>peccato,</span> <span class='ocrx_word' id='word_1_173' title='bbox 1496 1355 1611 1412; x_wconf 90' lang='lat' dir='ltr'>diabolo</span> <span class='ocrx_word' id='word_1_174' title='bbox 1626 1360 1655 1412; x_wconf 91' lang='lat' dir='ltr'>et</span> <span class='ocrx_word' id='word_1_175' title='bbox 1670 1355 1794 1412; x_wconf 82' lang='lat' dir='ltr'>interno.</span> 
     </span>
     <span class='ocr_line' id='line_1_14' title="bbox 85 1444 1797 1520; baseline -0.001 -19"><span class='ocrx_word' id='word_1_176' title='bbox 85 1453 192 1514; x_wconf 81' lang='lat' dir='ltr'>nostro,</span> <span class='ocrx_word' id='word_1_177' title='bbox 209 1449 262 1500; x_wconf 88' lang='lat' dir='ltr'>ato.</span> <span class='ocrx_word' id='word_1_178' title='bbox 280 1444 349 1518; x_wconf 85' lang='lat' dir='ltr'>(lsai</span> <span class='ocrx_word' id='word_1_179' title='bbox 361 1446 432 1516; x_wconf 85' lang='lat' dir='ltr'>nni).</span> <span class='ocrx_word' id='word_1_180' title='bbox 458 1445 508 1502; x_wconf 86' lang='lat' dir='ltr'>Vel</span> <span class='ocrx_word' id='word_1_181' title='bbox 539 1446 637 1519; x_wconf 90' lang='lat' dir='ltr'>potius</span> <span class='ocrx_word' id='word_1_182' title='bbox 664 1449 740 1517; x_wconf 89' lang='lat' dir='ltr'>apud</span> <span class='ocrx_word' id='word_1_183' title='bbox 760 1449 916 1504; x_wconf 84' lang='lat' dir='ltr'>nominum</span> <span class='ocrx_word' id='word_1_184' title='bbox 972 1448 1027 1504; x_wconf 79' lang='lat' dir='ltr'>Hic</span> <span class='ocrx_word' id='word_1_185' title='bbox 1041 1452 1085 1504; x_wconf 90' lang='lat' dir='ltr'>est</span> <span class='ocrx_word' id='word_1_186' title='bbox 1099 1445 1226 1520; x_wconf 82' lang='lat' dir='ltr'>ergaqui</span> <span class='ocrx_word' id='word_1_187' title='bbox 1243 1445 1366 1501; x_wconf 76' lang='lat' dir='ltr'>redemit</span> <span class='ocrx_word' id='word_1_188' title='bbox 1383 1445 1470 1501; x_wconf 90' lang='lat' dir='ltr'>lsrael</span> <span class='ocrx_word' id='word_1_189' title='bbox 1486 1461 1519 1500; x_wconf 84' lang='lat' dir='ltr'>es</span> <span class='ocrx_word' id='word_1_190' title='bbox 1535 1444 1674 1500; x_wconf 89' lang='lat' dir='ltr'>omnibus</span> <span class='ocrx_word' id='word_1_191' title='bbox 1690 1444 1797 1517; x_wconf 84' lang='lat' dir='ltr'>iniqui·</span> 
     </span>
     <span class='ocr_line' id='line_1_15' title="bbox 88 1533 1793 1611; baseline -0.001 -20"><span class='ocrx_word' id='word_1_192' title='bbox 88 1533 197 1591; x_wconf 79' lang='lat' dir='ltr'>Filiam</span> <span class='ocrx_word' id='word_1_193' title='bbox 213 1533 414 1591; x_wconf 88' lang='lat' dir='ltr'>misericordia</span> <span class='ocrx_word' id='word_1_194' title='bbox 429 1538 483 1601; x_wconf 87' lang='lat' dir='ltr'>est,</span> <span class='ocrx_word' id='word_1_195' title='bbox 499 1536 548 1609; x_wconf 88' lang='lat' dir='ltr'>qui</span> <span class='ocrx_word' id='word_1_196' title='bbox 573 1539 690 1593; x_wconf 88' lang='lat' dir='ltr'>nostras</span> <span class='ocrx_word' id='word_1_197' title='bbox 717 1536 918 1611; x_wconf 89' lang='lat' dir='ltr'>dignatusest</span> <span class='ocrx_word' id='word_1_198' title='bbox 973 1537 1084 1593; x_wconf 87' lang='lat' dir='ltr'>tatibus</span> <span class='ocrx_word' id='word_1_199' title='bbox 1101 1538 1173 1608; x_wconf 80' lang='lat' dir='ltr'>ejus.</span> <span class='ocrx_word' id='word_1_200' title='bbox 1191 1534 1279 1591; x_wconf 87' lang='lat' dir='ltr'>lsrael</span> <span class='ocrx_word' id='word_1_201' title='bbox 1294 1533 1506 1606; x_wconf 87' lang='lat' dir='ltr'>interpretatur</span> <span class='ocrx_word' id='word_1_202' title='bbox 1520 1535 1565 1590; x_wconf 88' lang='lat' dir='ltr'>uir</span> <span class='ocrx_word' id='word_1_203' title='bbox 1579 1534 1672 1590; x_wconf 88' lang='lat' dir='ltr'>uidens</span> <span class='ocrx_word' id='word_1_204' title='bbox 1696 1535 1793 1602; x_wconf 79' lang='lat' dir='ltr'>Deum,</span> 
     </span>
     <span class='ocr_line' id='line_1_16' title="bbox 89 1621 1796 1697; baseline -0.001 -17"><span class='ocrx_word' id='word_1_205' title='bbox 89 1623 226 1680; x_wconf 88' lang='lat' dir='ltr'>miserias</span> <span class='ocrx_word' id='word_1_206' title='bbox 235 1623 371 1696; x_wconf 85' lang='lat' dir='ltr'>experiri,</span> <span class='ocrx_word' id='word_1_207' title='bbox 380 1625 465 1695; x_wconf 81' lang='lat' dir='ltr'>juxte</span> <span class='ocrx_word' id='word_1_208' title='bbox 480 1624 558 1697; x_wconf 89' lang='lat' dir='ltr'>quod</span> <span class='ocrx_word' id='word_1_209' title='bbox 575 1624 648 1681; x_wconf 90' lang='lat' dir='ltr'>dicit</span> <span class='ocrx_word' id='word_1_210' title='bbox 659 1626 815 1697; x_wconf 79' lang='lat' dir='ltr'>Apostolus</span> <span class='ocrx_word' id='word_1_211' title='bbox 833 1629 917 1683; x_wconf 88' lang='lat' dir='ltr'>:Non</span> <span class='ocrx_word' id='word_1_212' title='bbox 973 1626 1051 1682; x_wconf 90' lang='lat' dir='ltr'>unde</span> <span class='ocrx_word' id='word_1_213' title='bbox 1062 1625 1109 1681; x_wconf 87' lang='lat' dir='ltr'>bio</span> <span class='ocrx_word' id='word_1_214' title='bbox 1125 1640 1181 1681; x_wconf 92' lang='lat' dir='ltr'>non</span> <span class='ocrx_word' id='word_1_215' title='bbox 1198 1623 1338 1688; x_wconf 84' lang='lat' dir='ltr'>carnalis,</span> <span class='ocrx_word' id='word_1_216' title='bbox 1354 1624 1403 1679; x_wconf 90' lang='lat' dir='ltr'>sed</span> <span class='ocrx_word' id='word_1_217' title='bbox 1426 1622 1590 1696; x_wconf 89' lang='lat' dir='ltr'>spiritualis</span> <span class='ocrx_word' id='word_1_218' title='bbox 1605 1623 1692 1679; x_wconf 89' lang='lat' dir='ltr'>lsrael</span> <span class='ocrx_word' id='word_1_219' title='bbox 1710 1621 1796 1679; x_wconf 87' lang='lat' dir='ltr'>debet</span> 
     </span>
     <span class='ocr_line' id='line_1_17' title="bbox 86 1712 1796 1788; baseline -0.003 -18"><span class='ocrx_word' id='word_1_220' title='bbox 86 1712 453 1786; x_wconf 76' lang='lat' dir='ltr'>babemuspontifieemqui</span> <span class='ocrx_word' id='word_1_221' title='bbox 480 1714 770 1788; x_wconf 87' lang='lat' dir='ltr'>nonpossiteompnti</span> <span class='ocrx_word' id='word_1_222' title='bbox 786 1716 913 1787; x_wconf 78' lang='lat' dir='ltr'>infirmi·</span> <span class='ocrx_word' id='word_1_223' title='bbox 972 1715 1108 1788; x_wconf 81' lang='lat' dir='ltr'>intelligi,</span> <span class='ocrx_word' id='word_1_224' title='bbox 1125 1714 1192 1786; x_wconf 86' lang='lat' dir='ltr'>qnia</span> <span class='ocrx_word' id='word_1_225' title='bbox 1221 1713 1337 1786; x_wconf 76' lang='lat' dir='ltr'>spiritns</span> <span class='ocrx_word' id='word_1_226' title='bbox 1359 1716 1401 1769; x_wconf 83' lang='lat' dir='ltr'>est</span> <span class='ocrx_word' id='word_1_227' title='bbox 1427 1715 1477 1785; x_wconf 82' lang='lat' dir='ltr'>qui</span> <span class='ocrx_word' id='word_1_228' title='bbox 1504 1712 1636 1782; x_wconf 69' lang='lat' dir='ltr'>vivificat,</span> <span class='ocrx_word' id='word_1_229' title='bbox 1660 1727 1796 1769; x_wconf 84' lang='lat' dir='ltr'>carenos</span> 
     </span>
     <span class='ocr_line' id='line_1_18' title="bbox 85 1801 1870 1879; baseline -0.004 -20"><span class='ocrx_word' id='word_1_230' title='bbox 85 1803 315 1872; x_wconf 83' lang='lat' dir='ltr'>tatibusnostris‚</span> <span class='ocrx_word' id='word_1_231' title='bbox 331 1806 474 1873; x_wconf 70' lang='lat' dir='ltr'>numium,</span> <span class='ocrx_word' id='word_1_232' title='bbox 503 1820 554 1875; x_wconf 88' lang='lat' dir='ltr'>per</span> <span class='ocrx_word' id='word_1_233' title='bbox 580 1806 676 1861; x_wconf 88' lang='lat' dir='ltr'>omnin</span> <span class='ocrx_word' id='word_1_234' title='bbox 698 1822 748 1878; x_wconf 85' lang='lat' dir='ltr'>pro</span> <span class='ocrx_word' id='word_1_235' title='bbox 776 1805 915 1861; x_wconf 87' lang='lat' dir='ltr'>similitu·</span> <span class='ocrx_word' id='word_1_236' title='bbox 969 1807 1082 1879; x_wconf 85' lang='lat' dir='ltr'>prodest</span> <span class='ocrx_word' id='word_1_237' title='bbox 1097 1804 1246 1877; x_wconf 81' lang='lat' dir='ltr'>quidquam</span> <span class='ocrx_word' id='word_1_238' title='bbox 1262 1804 1350 1874; x_wconf 84' lang='lat' dir='ltr'>(loon.</span> <span class='ocrx_word' id='word_1_239' title='bbox 1365 1805 1419 1873; x_wconf 87' lang='lat' dir='ltr'>v1).</span> <span class='ocrx_word' id='word_1_240' title='bbox 1449 1802 1517 1859; x_wconf 89' lang='lat' dir='ltr'>illos</span> <span class='ocrx_word' id='word_1_241' title='bbox 1546 1803 1645 1875; x_wconf 90' lang='lat' dir='ltr'>itaque</span> <span class='ocrx_word' id='word_1_242' title='bbox 1660 1801 1795 1857; x_wconf 84' lang='lat' dir='ltr'>Christus</span> <span class='ocrx_word' id='word_1_243' title='bbox 1865 1844 1870 1851; x_wconf 95' lang='grc'><em>,</em></span> 
     </span>
     <span class='ocr_line' id='line_1_19' title="bbox 88 1891 1793 1967; baseline -0.001 -19"><span class='ocrx_word' id='word_1_244' title='bbox 88 1891 155 1948; x_wconf 90' lang='lat' dir='ltr'>dine</span> <span class='ocrx_word' id='word_1_245' title='bbox 168 1892 269 1964; x_wconf 81' lang='lat' dir='ltr'>absque</span> <span class='ocrx_word' id='word_1_246' title='bbox 281 1897 390 1964; x_wconf 87' lang='lat' dir='ltr'>peccato</span> <span class='ocrx_word' id='word_1_247' title='bbox 406 1893 480 1962; x_wconf 81' lang='lat' dir='ltr'>lllcb.</span> <span class='ocrx_word' id='word_1_248' title='bbox 510 1896 557 1954; x_wconf 80' lang='lat' dir='ltr'>ivl.</span> <span class='ocrx_word' id='word_1_249' title='bbox 588 1893 619 1950; x_wconf 91' lang='lat' dir='ltr'>lo</span> <span class='ocrx_word' id='word_1_250' title='bbox 649 1895 786 1966; x_wconf 87' lang='lat' dir='ltr'>enesim,</span> <span class='ocrx_word' id='word_1_251' title='bbox 811 1895 839 1950; x_wconf 92' lang='lat' dir='ltr'>in</span> <span class='ocrx_word' id='word_1_252' title='bbox 857 1912 915 1967; x_wconf 89' lang='lat' dir='ltr'>quo</span> <span class='ocrx_word' id='word_1_253' title='bbox 971 1894 1176 1967; x_wconf 77' lang='lat' dir='ltr'>conpassione</span> <span class='ocrx_word' id='word_1_254' title='bbox 1192 1893 1316 1948; x_wconf 84' lang='lat' dir='ltr'>redemit</span> <span class='ocrx_word' id='word_1_255' title='bbox 1331 1892 1457 1947; x_wconf 88' lang='lat' dir='ltr'>abomni</span> <span class='ocrx_word' id='word_1_256' title='bbox 1474 1891 1793 1964; x_wconf 70' lang='lat' dir='ltr'>onlpsettandemre-</span> 
     </span>
     <span class='ocr_line' id='line_1_20' title="bbox 89 1981 1794 2058; baseline -0.001 -20"><span class='ocrx_word' id='word_1_257' title='bbox 89 1998 197 2055; x_wconf 88' lang='lat' dir='ltr'>passus</span> <span class='ocrx_word' id='word_1_258' title='bbox 211 1987 257 2037; x_wconf 89' lang='lat' dir='ltr'>est</span> <span class='ocrx_word' id='word_1_259' title='bbox 271 1981 334 2053; x_wconf 89' lang='lat' dir='ltr'>ipso</span> <span class='ocrx_word' id='word_1_260' title='bbox 348 1986 529 2052; x_wconf 84' lang='lat' dir='ltr'>attentatus,</span> <span class='ocrx_word' id='word_1_261' title='bbox 546 1987 710 2054; x_wconf 87' lang='lat' dir='ltr'>potensest</span> <span class='ocrx_word' id='word_1_262' title='bbox 737 1990 767 2041; x_wconf 89' lang='lat' dir='ltr'>et</span> <span class='ocrx_word' id='word_1_263' title='bbox 795 1985 838 2041; x_wconf 90' lang='lat' dir='ltr'>eis</span> <span class='ocrx_word' id='word_1_264' title='bbox 863 1985 914 2058; x_wconf 89' lang='lat' dir='ltr'>qui</span> <span class='ocrx_word' id='word_1_265' title='bbox 971 1983 1132 2040; x_wconf 90' lang='lat' dir='ltr'>dimetillos</span> <span class='ocrx_word' id='word_1_266' title='bbox 1144 1981 1371 2054; x_wconf 83' lang='lat' dir='ltr'>abomnipoena‚</span> <span class='ocrx_word' id='word_1_267' title='bbox 1389 1981 1794 2052; x_wconf 80' lang='lat' dir='ltr'>oumnbsterpetilcusomnsm</span> 
     </span>
     <span class='ocr_line' id='line_1_21' title="bbox 87 2070 1793 2146; baseline -0.001 -20"><span class='ocrx_word' id='word_1_268' title='bbox 87 2075 240 2127; x_wconf 88' lang='lat' dir='ltr'>tentantur</span> <span class='ocrx_word' id='word_1_269' title='bbox 249 2070 394 2126; x_wconf 87' lang='lat' dir='ltr'>auxiliari.</span> <span class='ocrx_word' id='word_1_270' title='bbox 412 2071 499 2128; x_wconf 83' lang='lat' dir='ltr'>Ronte</span> <span class='ocrx_word' id='word_1_271' title='bbox 514 2072 612 2143; x_wconf 89' lang='lat' dir='ltr'>itaque</span> <span class='ocrx_word' id='word_1_272' title='bbox 626 2073 786 2130; x_wconf 75' lang='lat' dir='ltr'>subditur:</span> <span class='ocrx_word' id='word_1_273' title='bbox 969 2074 1124 2146; x_wconf 77' lang='lat' dir='ltr'>lacrymam</span> <span class='ocrx_word' id='word_1_274' title='bbox 1137 2073 1171 2128; x_wconf 87' lang='lat' dir='ltr'>ab</span> <span class='ocrx_word' id='word_1_275' title='bbox 1186 2073 1273 2129; x_wconf 87' lang='lat' dir='ltr'>oeulis</span> <span class='ocrx_word' id='word_1_276' title='bbox 1287 2078 1457 2137; x_wconf 75' lang='lat' dir='ltr'>sanctornm,</span> <span class='ocrx_word' id='word_1_277' title='bbox 1484 2074 1510 2126; x_wconf 88' lang='lat' dir='ltr'>cl</span> <span class='ocrx_word' id='word_1_278' title='bbox 1519 2071 1582 2141; x_wconf 75' lang='lat' dir='ltr'>lom</span> <span class='ocrx_word' id='word_1_279' title='bbox 1595 2087 1651 2126; x_wconf 89' lang='lat' dir='ltr'>nen</span> <span class='ocrx_word' id='word_1_280' title='bbox 1665 2071 1793 2126; x_wconf 81' lang='lat' dir='ltr'>erilem</span> 
     </span>
    </p>

    <p class='ocr_par' dir='ltr' id='par_1_3' title="bbox 87 2158 1796 2325">
     <span class='ocr_line' id='line_1_22' title="bbox 124 2158 1796 2236; baseline -0.001 -20"><span class='ocrx_word' id='word_1_281' title='bbox 124 2162 156 2216; x_wconf 82' lang='lat' dir='ltr'>dt</span> <span class='ocrx_word' id='word_1_282' title='bbox 169 2160 230 2230; x_wconf 84' lang='lat' dir='ltr'>ipse</span> <span class='ocrx_word' id='word_1_283' title='bbox 240 2161 360 2217; x_wconf 85' lang='lat' dir='ltr'>redimet</span> <span class='ocrx_word' id='word_1_284' title='bbox 386 2161 474 2216; x_wconf 86' lang='lat' dir='ltr'>lsrael</span> <span class='ocrx_word' id='word_1_285' title='bbox 495 2176 530 2216; x_wconf 83' lang='lat' dir='ltr'>ec</span> <span class='ocrx_word' id='word_1_286' title='bbox 552 2162 682 2218; x_wconf 85' lang='lat' dir='ltr'>omnibus</span> <span class='ocrx_word' id='word_1_287' title='bbox 707 2162 914 2235; x_wconf 82' lang='lat' dir='ltr'>iniquitatibus</span> <span class='ocrx_word' id='word_1_288' title='bbox 967 2165 1043 2236; x_wconf 88' lang='lat' dir='ltr'>plius</span> <span class='ocrx_word' id='word_1_289' title='bbox 1057 2164 1218 2230; x_wconf 86' lang='lat' dir='ltr'>nectuclus,</span> <span class='ocrx_word' id='word_1_290' title='bbox 1234 2166 1289 2218; x_wconf 90' lang='lat' dir='ltr'>eto.</span> <span class='ocrx_word' id='word_1_291' title='bbox 1311 2160 1402 2232; x_wconf 80' lang='lat' dir='ltr'>(Apes.</span> <span class='ocrx_word' id='word_1_292' title='bbox 1428 2160 1501 2232; x_wconf 86' lang='lat' dir='ltr'>xxi).</span> <span class='ocrx_word' id='word_1_293' title='bbox 1528 2159 1616 2216; x_wconf 87' lang='lat' dir='ltr'>Grata</span> <span class='ocrx_word' id='word_1_294' title='bbox 1631 2158 1796 2228; x_wconf 75' lang='lat' dir='ltr'>nominoio,</span> 
     </span>
     <span class='ocr_line' id='line_1_23' title="bbox 87 2248 1702 2325; baseline -0.002 -19"><span class='ocrx_word' id='word_1_295' title='bbox 87 2252 158 2322; x_wconf 85' lang='lat' dir='ltr'>ejus.</span> <span class='ocrx_word' id='word_1_296' title='bbox 968 2253 1039 2325; x_wconf 89' lang='lat' dir='ltr'>quis</span> <span class='ocrx_word' id='word_1_297' title='bbox 1053 2253 1089 2308; x_wconf 88' lang='lat' dir='ltr'>de</span> <span class='ocrx_word' id='word_1_298' title='bbox 1103 2252 1180 2308; x_wconf 89' lang='lat' dir='ltr'>tristi</span> <span class='ocrx_word' id='word_1_299' title='bbox 1196 2250 1340 2323; x_wconf 89' lang='lat' dir='ltr'>principio</span> <span class='ocrx_word' id='word_1_300' title='bbox 1362 2248 1447 2305; x_wconf 79' lang='lat' dir='ltr'>laetus</span> <span class='ocrx_word' id='word_1_301' title='bbox 1477 2248 1545 2305; x_wconf 86' lang='lat' dir='ltr'>linis</span> <span class='ocrx_word' id='word_1_302' title='bbox 1560 2249 1702 2321; x_wconf 88' lang='lat' dir='ltr'>procedit.</span> 
     </span>
    </p>
   </div>
   <div class='ocr_carea' id='block_1_3' title="bbox 85 2576 1792 2845">
    <p class='ocr_par' dir='ltr' id='par_1_4' title="bbox 85 2576 1792 2845">
     <span class='ocr_line' id='line_1_24' title="bbox 85 2576 1792 2669; baseline -0.001 -21"><span class='ocrx_word' id='word_1_303' title='bbox 85 2582 126 2648; x_wconf 88' lang='lat' dir='ltr'>ln</span> <span class='ocrx_word' id='word_1_304' title='bbox 137 2576 310 2667; x_wconf 86' lang='lat' dir='ltr'>psalmum</span> <span class='ocrx_word' id='word_1_305' title='bbox 324 2578 504 2669; x_wconf 84' lang='lat' dir='ltr'>septimum</span> <span class='ocrx_word' id='word_1_306' title='bbox 515 2579 782 2668; x_wconf 77' lang='lat' dir='ltr'>paenitentialem</span> <span class='ocrx_word' id='word_1_307' title='bbox 808 2579 1012 2650; x_wconf 83' lang='lat' dir='ltr'>Elueidetio.</span> <span class='ocrx_word' id='word_1_308' title='bbox 1041 2579 1167 2648; x_wconf 77' lang='lat' dir='ltr'>Titulus</span> <span class='ocrx_word' id='word_1_309' title='bbox 1180 2590 1293 2646; x_wconf 85' lang='lat' dir='ltr'>autem</span> <span class='ocrx_word' id='word_1_310' title='bbox 1320 2577 1424 2666; x_wconf 80' lang='lat' dir='ltr'>liujus</span> <span class='ocrx_word' id='word_1_311' title='bbox 1447 2577 1575 2666; x_wconf 80' lang='lat' dir='ltr'>psalmi</span> <span class='ocrx_word' id='word_1_312' title='bbox 1606 2576 1683 2644; x_wconf 84' lang='lat' dir='ltr'>talis</span> <span class='ocrx_word' id='word_1_313' title='bbox 1717 2587 1792 2646; x_wconf 86' lang='lat' dir='ltr'>est:</span> 
     </span>
     <span class='ocr_line' id='line_1_25' title="bbox 131 2663 1792 2845; baseline 0 -110"><span class='ocrx_word' id='word_1_314' title='bbox 131 2667 440 2845; x_wconf 47' lang='lat' dir='ltr'>fcissslffiopavjd’</span> <span class='ocrx_word' id='word_1_315' title='bbox 459 2667 606 2758; x_wconf 89' lang='lat' dir='ltr'>quando</span> <span class='ocrx_word' id='word_1_316' title='bbox 622 2669 906 2759; x_wconf 88' lang='lat' dir='ltr'>persequebatur</span> <span class='ocrx_word' id='word_1_317' title='bbox 925 2689 1010 2739; x_wconf 86' lang='lat' dir='ltr'>eum</span> <span class='ocrx_word' id='word_1_318' title='bbox 1025 2668 1124 2738; x_wconf 86' lang='lat' dir='ltr'>filius</span> <span class='ocrx_word' id='word_1_319' title='bbox 1136 2688 1224 2737; x_wconf 89' lang='lat' dir='ltr'>suus</span> <span class='ocrx_word' id='word_1_320' title='bbox 1244 2667 1416 2736; x_wconf 85' lang='lat' dir='ltr'>Absalon.</span> <span class='ocrx_word' id='word_1_321' title='bbox 1435 2705 1479 2717; x_wconf 93' lang='lat'><em>-</em></span> <span class='ocrx_word' id='word_1_322' title='bbox 1507 2665 1610 2735; x_wconf 79' lang='lat' dir='ltr'>Tituli</span> <span class='ocrx_word' id='word_1_323' title='bbox 1641 2663 1792 2756; x_wconf 75' lang='lat' dir='ltr'>ejusdem</span> 
     </span>
    </p>
   </div>
   <div class='ocr_carea' id='block_1_4' title="bbox 90 3056 1880 3773">
    <p class='ocr_par' dir='ltr' id='par_1_5' title="bbox 90 3056 1880 3773">
     <span class='ocr_line' id='line_1_26' title="bbox 128 3056 1880 3150; baseline 0.003 -23"><span class='ocrx_word' id='word_1_324' title='bbox 128 3070 267 3141; x_wconf 79' lang='lat' dir='ltr'>Historia,</span> <span class='ocrx_word' id='word_1_325' title='bbox 284 3087 372 3144; x_wconf 88' lang='lat' dir='ltr'>qnam</span> <span class='ocrx_word' id='word_1_326' title='bbox 390 3071 496 3128; x_wconf 90' lang='lat' dir='ltr'>titulos</span> <span class='ocrx_word' id='word_1_327' title='bbox 511 3073 616 3147; x_wconf 87' lang='lat' dir='ltr'>tangit,</span> <span class='ocrx_word' id='word_1_328' title='bbox 637 3088 671 3129; x_wconf 81' lang='lat' dir='ltr'>ex</span> <span class='ocrx_word' id='word_1_329' title='bbox 694 3075 823 3132; x_wconf 89' lang='lat' dir='ltr'>secundo</span> <span class='ocrx_word' id='word_1_330' title='bbox 839 3076 913 3133; x_wconf 93' lang='lat' dir='ltr'>libro</span> <span class='ocrx_word' id='word_1_331' title='bbox 929 3078 951 3146; x_wconf 83' lang='lat' dir='ltr'><strong>c</strong></span> <span class='ocrx_word' id='word_1_332' title='bbox 970 3078 1080 3150; x_wconf 91' lang='lat' dir='ltr'>probus</span> <span class='ocrx_word' id='word_1_333' title='bbox 1096 3076 1176 3134; x_wconf 88' lang='lat' dir='ltr'>illius</span> <span class='ocrx_word' id='word_1_334' title='bbox 1191 3074 1378 3148; x_wconf 76' lang='lat' dir='ltr'>persequitur</span> <span class='ocrx_word' id='word_1_335' title='bbox 1400 3077 1512 3147; x_wconf 88' lang='lat' dir='ltr'>patrem</span> <span class='ocrx_word' id='word_1_336' title='bbox 1528 3078 1557 3131; x_wconf 90' lang='lat' dir='ltr'>et</span> <span class='ocrx_word' id='word_1_337' title='bbox 1583 3072 1682 3145; x_wconf 85' lang='lat' dir='ltr'>proles</span> <span class='ocrx_word' id='word_1_338' title='bbox 1696 3073 1798 3147; x_wconf 85' lang='lat' dir='ltr'>iniqua</span> <span class='ocrx_word' id='word_1_339' title='bbox 1877 3056 1880 3067; x_wconf 46' lang='lat'>¹</span> 
     </span>
     <span class='ocr_line' id='line_1_27' title="bbox 90 3159 1799 3241; baseline 0.002 -24"><span class='ocrx_word' id='word_1_340' title='bbox 90 3161 201 3233; x_wconf 83' lang='lat' dir='ltr'>Regum</span> <span class='ocrx_word' id='word_1_341' title='bbox 214 3159 290 3234; x_wconf 80' lang='lat' dir='ltr'>(Sap.</span> <span class='ocrx_word' id='word_1_342' title='bbox 307 3162 378 3233; x_wconf 83' lang='lat' dir='ltr'>xvir)</span> <span class='ocrx_word' id='word_1_343' title='bbox 389 3165 435 3217; x_wconf 90' lang='lat' dir='ltr'>est</span> <span class='ocrx_word' id='word_1_344' title='bbox 445 3166 534 3232; x_wconf 87' lang='lat' dir='ltr'>nota;</span> <span class='ocrx_word' id='word_1_345' title='bbox 551 3162 586 3218; x_wconf 89' lang='lat' dir='ltr'>de</span> <span class='ocrx_word' id='word_1_346' title='bbox 602 3179 659 3235; x_wconf 83' lang='lat' dir='ltr'>qua</span> <span class='ocrx_word' id='word_1_347' title='bbox 670 3168 766 3220; x_wconf 86' lang='lat' dir='ltr'>tamen</span> <span class='ocrx_word' id='word_1_348' title='bbox 782 3164 918 3222; x_wconf 87' lang='lat' dir='ltr'>Psalmus</span> <span class='ocrx_word' id='word_1_349' title='bbox 974 3171 1137 3241; x_wconf 88' lang='lat' dir='ltr'>parentem,</span> <span class='ocrx_word' id='word_1_350' title='bbox 1163 3165 1240 3222; x_wconf 90' lang='lat' dir='ltr'>sicut</span> <span class='ocrx_word' id='word_1_351' title='bbox 1255 3163 1432 3222; x_wconf 88' lang='lat' dir='ltr'>econtrario</span> <span class='ocrx_word' id='word_1_352' title='bbox 1447 3164 1542 3222; x_wconf 84' lang='lat' dir='ltr'>bonas</span> <span class='ocrx_word' id='word_1_353' title='bbox 1557 3163 1680 3220; x_wconf 81' lang='lat' dir='ltr'>allectus</span> <span class='ocrx_word' id='word_1_354' title='bbox 1703 3164 1799 3221; x_wconf 88' lang='lat' dir='ltr'>reiicit</span> 
     </span>
     <span class='ocr_line' id='line_1_28' title="bbox 92 3247 1798 3328; baseline 0.002 -22"><span class='ocrx_word' id='word_1_355' title='bbox 92 3265 151 3306; x_wconf 89' lang='lat' dir='ltr'>non</span> <span class='ocrx_word' id='word_1_356' title='bbox 168 3247 290 3322; x_wconf 87' lang='lat' dir='ltr'>agit,sed</span> <span class='ocrx_word' id='word_1_357' title='bbox 309 3249 345 3305; x_wconf 88' lang='lat' dir='ltr'>de</span> <span class='ocrx_word' id='word_1_358' title='bbox 360 3248 575 3322; x_wconf 87' lang='lat' dir='ltr'>signiticatione</span> <span class='ocrx_word' id='word_1_359' title='bbox 585 3256 700 3307; x_wconf 90' lang='lat' dir='ltr'>tantum</span> <span class='ocrx_word' id='word_1_360' title='bbox 713 3252 822 3325; x_wconf 88' lang='lat' dir='ltr'>ipsius:</span> <span class='ocrx_word' id='word_1_361' title='bbox 834 3254 914 3326; x_wconf 76' lang='lat' dir='ltr'>naria,</span> <span class='ocrx_word' id='word_1_362' title='bbox 973 3255 1110 3328; x_wconf 88' lang='lat' dir='ltr'>spiritum</span> <span class='ocrx_word' id='word_1_363' title='bbox 1126 3259 1155 3312; x_wconf 91' lang='lat' dir='ltr'>el</span> <span class='ocrx_word' id='word_1_364' title='bbox 1166 3255 1213 3327; x_wconf 91' lang='lat' dir='ltr'>pin</span> <span class='ocrx_word' id='word_1_365' title='bbox 1225 3254 1364 3326; x_wconf 84' lang='lat' dir='ltr'>cogitatio</span> <span class='ocrx_word' id='word_1_366' title='bbox 1378 3258 1517 3309; x_wconf 85' lang='lat' dir='ltr'>mentem.</span> <span class='ocrx_word' id='word_1_367' title='bbox 1532 3252 1623 3309; x_wconf 84' lang='lat' dir='ltr'>tiabat</span> <span class='ocrx_word' id='word_1_368' title='bbox 1637 3257 1736 3310; x_wconf 90' lang='lat' dir='ltr'>autem</span> <span class='ocrx_word' id='word_1_369' title='bbox 1748 3252 1798 3310; x_wconf 88' lang='lat' dir='ltr'>bio</span> 
     </span>
     <span class='ocr_line' id='line_1_29' title="bbox 91 3338 1798 3415; baseline 0.001 -20"><span class='ocrx_word' id='word_1_370' title='bbox 91 3338 168 3396; x_wconf 90' lang='lat' dir='ltr'>siout</span> <span class='ocrx_word' id='word_1_371' title='bbox 185 3339 312 3395; x_wconf 78' lang='lat' dir='ltr'>absalon</span> <span class='ocrx_word' id='word_1_372' title='bbox 331 3338 562 3412; x_wconf 88' lang='lat' dir='ltr'>persequebatur</span> <span class='ocrx_word' id='word_1_373' title='bbox 577 3339 666 3397; x_wconf 85' lang='lat' dir='ltr'>Dnvid</span> <span class='ocrx_word' id='word_1_374' title='bbox 687 3347 799 3414; x_wconf 87' lang='lat' dir='ltr'>patrem</span> <span class='ocrx_word' id='word_1_375' title='bbox 816 3360 916 3414; x_wconf 88' lang='lat' dir='ltr'>suum,</span> <span class='ocrx_word' id='word_1_376' title='bbox 973 3342 1106 3415; x_wconf 86' lang='lat' dir='ltr'>psalmus</span> <span class='ocrx_word' id='word_1_377' title='bbox 1121 3340 1406 3414; x_wconf 89' lang='lat' dir='ltr'>[quatuordeeimus]</span> <span class='ocrx_word' id='word_1_378' title='bbox 1421 3338 1560 3395; x_wconf 84' lang='lat' dir='ltr'>tredecim</span> <span class='ocrx_word' id='word_1_379' title='bbox 1587 3356 1700 3405; x_wconf 76' lang='lat' dir='ltr'>versus.</span> <span class='ocrx_word' id='word_1_380' title='bbox 1718 3339 1798 3397; x_wconf 89' lang='lat' dir='ltr'>desl-</span> 
     </span>
     <span class='ocr_line' id='line_1_30' title="bbox 92 3426 1798 3505; baseline -0.001 -19"><span class='ocrx_word' id='word_1_381' title='bbox 92 3429 136 3486; x_wconf 86' lang='lat' dir='ltr'>sic</span> <span class='ocrx_word' id='word_1_382' title='bbox 151 3426 273 3484; x_wconf 89' lang='lat' dir='ltr'>illicitus</span> <span class='ocrx_word' id='word_1_383' title='bbox 290 3434 389 3484; x_wconf 90' lang='lat' dir='ltr'>motus</span> <span class='ocrx_word' id='word_1_384' title='bbox 417 3428 571 3501; x_wconf 86' lang='lat' dir='ltr'>perturbat</span> <span class='ocrx_word' id='word_1_385' title='bbox 585 3436 614 3486; x_wconf 89' lang='lat' dir='ltr'>et</span> <span class='ocrx_word' id='word_1_386' title='bbox 640 3430 828 3504; x_wconf 85' lang='lat' dir='ltr'>persequitur</span> <span class='ocrx_word' id='word_1_387' title='bbox 855 3433 918 3487; x_wconf 92' lang='lat' dir='ltr'>ani·</span> <span class='ocrx_word' id='word_1_388' title='bbox 974 3447 1069 3505; x_wconf 83' lang='lat' dir='ltr'>gnane</span> <span class='ocrx_word' id='word_1_389' title='bbox 1084 3431 1162 3503; x_wconf 88' lang='lat' dir='ltr'>quod</span> <span class='ocrx_word' id='word_1_390' title='bbox 1179 3430 1216 3485; x_wconf 88' lang='lat' dir='ltr'>ab</span> <span class='ocrx_word' id='word_1_391' title='bbox 1231 3429 1284 3485; x_wconf 91' lang='lat' dir='ltr'>hac</span> <span class='ocrx_word' id='word_1_392' title='bbox 1300 3427 1502 3502; x_wconf 87' lang='lat' dir='ltr'>persecutione</span> <span class='ocrx_word' id='word_1_393' title='bbox 1526 3433 1640 3501; x_wconf 87' lang='lat' dir='ltr'>oportet</span> <span class='ocrx_word' id='word_1_394' title='bbox 1662 3429 1798 3486; x_wconf 89' lang='lat' dir='ltr'>animum</span> 
     </span>
     <span class='ocr_line' id='line_1_31' title="bbox 94 3515 1798 3593; baseline -0.002 -19"><span class='ocrx_word' id='word_1_395' title='bbox 94 3533 189 3586; x_wconf 90' lang='lat' dir='ltr'>mum,</span> <span class='ocrx_word' id='word_1_396' title='bbox 206 3517 315 3592; x_wconf 90' lang='lat' dir='ltr'>dequo</span> <span class='ocrx_word' id='word_1_397' title='bbox 331 3518 463 3574; x_wconf 89' lang='lat' dir='ltr'>nascitur</span> <span class='ocrx_word' id='word_1_398' title='bbox 487 3521 516 3574; x_wconf 88' lang='lat' dir='ltr'>at</span> <span class='ocrx_word' id='word_1_399' title='bbox 530 3518 672 3591; x_wconf 89' lang='lat' dir='ltr'>procedit.</span> <span class='ocrx_word' id='word_1_400' title='bbox 703 3522 919 3593; x_wconf 74' lang='lat' dir='ltr'>propterquod</span> <span class='ocrx_word' id='word_1_401' title='bbox 976 3519 1092 3576; x_wconf 80' lang='lat' dir='ltr'>liberari</span> <span class='ocrx_word' id='word_1_402' title='bbox 1110 3536 1162 3593; x_wconf 90' lang='lat' dir='ltr'>per</span> <span class='ocrx_word' id='word_1_403' title='bbox 1176 3519 1409 3575; x_wconf 81' lang='lat' dir='ltr'>observationem</span> <span class='ocrx_word' id='word_1_404' title='bbox 1427 3516 1558 3590; x_wconf 87' lang='lat' dir='ltr'>decalogi</span> <span class='ocrx_word' id='word_1_405' title='bbox 1574 3522 1604 3572; x_wconf 91' lang='lat' dir='ltr'>et</span> <span class='ocrx_word' id='word_1_406' title='bbox 1618 3517 1705 3573; x_wconf 88' lang='lat' dir='ltr'>iidem</span> <span class='ocrx_word' id='word_1_407' title='bbox 1721 3515 1798 3572; x_wconf 89' lang='lat' dir='ltr'>indi·</span> 
     </span>
     <span class='ocr_line' id='line_1_32' title="bbox 95 3605 1800 3680; baseline 0 -18"><span class='ocrx_word' id='word_1_408' title='bbox 95 3606 240 3680; x_wconf 81' lang='lat' dir='ltr'>pmnitens</span> <span class='ocrx_word' id='word_1_409' title='bbox 268 3607 338 3663; x_wconf 89' lang='lat' dir='ltr'>ait:</span> <span class='ocrx_word' id='word_1_410' title='bbox 377 3609 538 3664; x_wconf 83' lang='lat' dir='ltr'>Persecutus</span> <span class='ocrx_word' id='word_1_411' title='bbox 564 3615 605 3663; x_wconf 88' lang='lat' dir='ltr'>est</span> <span class='ocrx_word' id='word_1_412' title='bbox 638 3609 769 3665; x_wconf 87' lang='lat' dir='ltr'>inimicus</span> <span class='ocrx_word' id='word_1_413' title='bbox 795 3611 920 3665; x_wconf 88' lang='lat' dir='ltr'>animam</span> <span class='ocrx_word' id='word_1_414' title='bbox 974 3609 1068 3664; x_wconf 83' lang='lat' dir='ltr'>vidue</span> <span class='ocrx_word' id='word_1_415' title='bbox 1084 3607 1247 3664; x_wconf 82' lang='lat' dir='ltr'>Trinitatis.</span> <span class='ocrx_word' id='word_1_416' title='bbox 1264 3605 1315 3663; x_wconf 86' lang='lat' dir='ltr'>Vel</span> <span class='ocrx_word' id='word_1_417' title='bbox 1332 3622 1383 3678; x_wconf 88' lang='lat' dir='ltr'>per</span> <span class='ocrx_word' id='word_1_418' title='bbox 1410 3611 1521 3680; x_wconf 87' lang='lat' dir='ltr'>septem</span> <span class='ocrx_word' id='word_1_419' title='bbox 1550 3605 1678 3678; x_wconf 90' lang='lat' dir='ltr'>Spiritus</span> <span class='ocrx_word' id='word_1_420' title='bbox 1704 3605 1800 3662; x_wconf 85' lang='lat' dir='ltr'>saneti</span> 
     </span>
     <span class='ocr_line' id='line_1_33' title="bbox 93 3694 1410 3773; baseline 0 -22"><span class='ocrx_word' id='word_1_421' title='bbox 93 3712 195 3765; x_wconf 73' lang='lat' dir='ltr'>meam</span> <span class='ocrx_word' id='word_1_422' title='bbox 207 3697 368 3755; x_wconf 78' lang='lat' dir='ltr'>humiliavit</span> <span class='ocrx_word' id='word_1_423' title='bbox 383 3699 411 3752; x_wconf 91' lang='lat' dir='ltr'>in</span> <span class='ocrx_word' id='word_1_424' title='bbox 422 3705 497 3753; x_wconf 85' lang='lat' dir='ltr'>terra</span> <span class='ocrx_word' id='word_1_425' title='bbox 513 3698 598 3754; x_wconf 85' lang='lat' dir='ltr'>nilum</span> <span class='ocrx_word' id='word_1_426' title='bbox 612 3713 711 3754; x_wconf 83' lang='lat' dir='ltr'>meum</span> <span class='ocrx_word' id='word_1_427' title='bbox 728 3700 771 3755; x_wconf 88' lang='lat' dir='ltr'>lta</span> <span class='ocrx_word' id='word_1_428' title='bbox 791 3714 859 3773; x_wconf 84' lang='lat' dir='ltr'>ergo</span> <span class='ocrx_word' id='word_1_429' title='bbox 875 3714 921 3755; x_wconf 88' lang='lat' dir='ltr'>ro·</span> <span class='ocrx_word' id='word_1_430' title='bbox 977 3699 1055 3754; x_wconf 89' lang='lat' dir='ltr'>dona</span> <span class='ocrx_word' id='word_1_431' title='bbox 1068 3701 1096 3754; x_wconf 89' lang='lat' dir='ltr'>et</span> <span class='ocrx_word' id='word_1_432' title='bbox 1114 3714 1165 3754; x_wconf 86' lang='lat' dir='ltr'>sex</span> <span class='ocrx_word' id='word_1_433' title='bbox 1179 3713 1266 3771; x_wconf 92' lang='lat' dir='ltr'>opera</span> <span class='ocrx_word' id='word_1_434' title='bbox 1283 3694 1410 3768; x_wconf 88' lang='lat' dir='ltr'>pietatis.</span> 
     </span>
    </p>
   </div>
   <div class='ocr_carea' id='block_1_5' title="bbox 95 4020 1879 4204">
    <p class='ocr_par' dir='ltr' id='par_1_6' title="bbox 95 4020 1879 4204">
     <span class='ocr_line' id='line_1_34' title="bbox 95 4020 1879 4113; baseline 0.002 -25"><span class='ocrx_word' id='word_1_435' title='bbox 95 4021 226 4090; x_wconf 81' lang='lat' dir='ltr'>Psalmi</span> <span class='ocrx_word' id='word_1_436' title='bbox 237 4022 409 4091; x_wconf 84' lang='lat' dir='ltr'>centesimi</span> <span class='ocrx_word' id='word_1_437' title='bbox 421 4021 670 4113; x_wconf 72' lang='lat' dir='ltr'>quadragesimi</span> <span class='ocrx_word' id='word_1_438' title='bbox 688 4024 824 4092; x_wconf 83' lang='lat' dir='ltr'>secundi</span> <span class='ocrx_word' id='word_1_439' title='bbox 843 4028 879 4092; x_wconf 89' lang='lat' dir='ltr'>in</span> <span class='ocrx_word' id='word_1_440' title='bbox 898 4023 1014 4094; x_wconf 84' lang='lat' dir='ltr'>ordine</span> <span class='ocrx_word' id='word_1_441' title='bbox 1039 4027 1260 4113; x_wconf 81' lang='lat' dir='ltr'>psalmorum.</span> <span class='ocrx_word' id='word_1_442' title='bbox 1298 4026 1333 4091; x_wconf 87' lang='lat' dir='ltr'>in</span> <span class='ocrx_word' id='word_1_443' title='bbox 1367 4020 1483 4090; x_wconf 84' lang='lat' dir='ltr'>ordine</span> <span class='ocrx_word' id='word_1_444' title='bbox 1512 4021 1797 4111; x_wconf 73' lang='lat' dir='ltr'>paenitentialium</span> <span class='ocrx_word' id='word_1_445' title='bbox 1861 4028 1879 4053; x_wconf 85' lang='grc'>“·</span> 
     </span>
     <span class='ocr_line' id='line_1_35' title="bbox 672 4113 1223 4204; baseline -0.002 -25"><span class='ocrx_word' id='word_1_446' title='bbox 672 4114 882 4202; x_wconf 85' lang='lat' dir='ltr'>psalmorum</span> <span class='ocrx_word' id='word_1_447' title='bbox 902 4114 1017 4183; x_wconf 83' lang='lat' dir='ltr'>ultimi</span> <span class='ocrx_word' id='word_1_448' title='bbox 1030 4113 1223 4204; x_wconf 73' lang='lat' dir='ltr'>explicatio.</span> 
     </span>
    </p>
   </div>
   <div class='ocr_carea' id='block_1_6' title="bbox 94 4420 1801 4939">
    <p class='ocr_par' dir='ltr' id='par_1_7' title="bbox 94 4420 1801 4764">
     <span class='ocr_line' id='line_1_36' title="bbox 94 4420 1801 4496; baseline -0.001 -16"><span class='ocrx_word' id='word_1_449' title='bbox 94 4424 221 4489; x_wconf 86' lang='lat' dir='ltr'>Domine,</span> <span class='ocrx_word' id='word_1_450' title='bbox 238 4421 341 4477; x_wconf 82' lang='lat' dir='ltr'>exaudi</span> <span class='ocrx_word' id='word_1_451' title='bbox 362 4421 517 4477; x_wconf 88' lang='lat' dir='ltr'>orationem</span> <span class='ocrx_word' id='word_1_452' title='bbox 546 4437 651 4490; x_wconf 87' lang='lat' dir='ltr'>meam,</span> <span class='ocrx_word' id='word_1_453' title='bbox 678 4421 794 4479; x_wconf 83' lang='lat' dir='ltr'>auribus</span> <span class='ocrx_word' id='word_1_454' title='bbox 814 4425 922 4496; x_wconf 86' lang='lat' dir='ltr'>percipe</span> <span class='ocrx_word' id='word_1_455' title='bbox 935 4426 959 4491; x_wconf 85' lang='lat' dir='ltr'>l)</span> <span class='ocrx_word' id='word_1_456' title='bbox 975 4424 1077 4480; x_wconf 88' lang='lat' dir='ltr'>tionem</span> <span class='ocrx_word' id='word_1_457' title='bbox 1091 4439 1191 4491; x_wconf 75' lang='lat' dir='ltr'>meam</span> <span class='ocrx_word' id='word_1_458' title='bbox 1207 4421 1322 4477; x_wconf 82' lang='lat' dir='ltr'>auribin</span> <span class='ocrx_word' id='word_1_459' title='bbox 1344 4422 1454 4494; x_wconf 82' lang='lat' dir='ltr'>percipe</span> <span class='ocrx_word' id='word_1_460' title='bbox 1479 4420 1696 4478; x_wconf 83' lang='lat' dir='ltr'>obsecrationem</span> <span class='ocrx_word' id='word_1_461' title='bbox 1710 4437 1801 4479; x_wconf 84' lang='lat' dir='ltr'>meam</span> 
     </span>
     <span class='ocr_line' id='line_1_37' title="bbox 130 4508 1801 4579; baseline 0 -10"><span class='ocrx_word' id='word_1_462' title='bbox 130 4510 349 4569; x_wconf 84' lang='lat' dir='ltr'>obsecrationem</span> <span class='ocrx_word' id='word_1_463' title='bbox 377 4527 468 4567; x_wconf 69' lang='lat' dir='ltr'>mam</span> <span class='ocrx_word' id='word_1_464' title='bbox 496 4512 525 4565; x_wconf 90' lang='lat' dir='ltr'>in</span> <span class='ocrx_word' id='word_1_465' title='bbox 554 4511 866 4576; x_wconf 83' lang='lat' dir='ltr'>nerita&#39;etuo;eeoudi</span> <span class='ocrx_word' id='word_1_466' title='bbox 880 4529 923 4570; x_wconf 88' lang='lat' dir='ltr'>me</span> <span class='ocrx_word' id='word_1_467' title='bbox 979 4514 1009 4568; x_wconf 89' lang='lat' dir='ltr'>in</span> <span class='ocrx_word' id='word_1_468' title='bbox 1024 4508 1398 4579; x_wconf 80' lang='lat' dir='ltr'>ueritatelua‚·esoudime</span> <span class='ocrx_word' id='word_1_469' title='bbox 1413 4509 1444 4565; x_wconf 89' lang='lat' dir='ltr'>in</span> <span class='ocrx_word' id='word_1_470' title='bbox 1477 4509 1659 4575; x_wconf 81' lang='lat' dir='ltr'>tuaiustitia.</span> <span class='ocrx_word' id='word_1_471' title='bbox 1687 4512 1801 4570; x_wconf 66' lang='lat' dir='ltr'>exaudi</span> 
     </span>
     <span class='ocr_line' id='line_1_38' title="bbox 132 4600 1798 4673; baseline 0.001 -16"><span class='ocrx_word' id='word_1_472' title='bbox 132 4604 162 4657; x_wconf 90' lang='lat' dir='ltr'>in</span> <span class='ocrx_word' id='word_1_473' title='bbox 176 4606 225 4658; x_wconf 87' lang='lat' dir='ltr'>tua</span> <span class='ocrx_word' id='word_1_474' title='bbox 235 4600 359 4673; x_wconf 85' lang='lat' dir='ltr'>justitia.</span> <span class='ocrx_word' id='word_1_475' title='bbox 975 4601 1127 4658; x_wconf 84' lang='lat' dir='ltr'>orationem</span> <span class='ocrx_word' id='word_1_476' title='bbox 1144 4616 1338 4671; x_wconf 74' lang='lat' dir='ltr'>ensemqunm</span> <span class='ocrx_word' id='word_1_477' title='bbox 1356 4604 1508 4672; x_wconf 83' lang='lat' dir='ltr'>prosterno</span> <span class='ocrx_word' id='word_1_478' title='bbox 1523 4615 1621 4655; x_wconf 90' lang='lat' dir='ltr'>coram</span> <span class='ocrx_word' id='word_1_479' title='bbox 1637 4603 1677 4667; x_wconf 88' lang='lat' dir='ltr'>te,</span> <span class='ocrx_word' id='word_1_480' title='bbox 1693 4617 1751 4658; x_wconf 89' lang='lat' dir='ltr'>non</span> <span class='ocrx_word' id='word_1_481' title='bbox 1768 4602 1798 4658; x_wconf 92' lang='lat' dir='ltr'>in</span> 
     </span>
     <span class='ocr_line' id='line_1_39' title="bbox 132 4688 1798 4764; baseline 0.001 -20"><span class='ocrx_word' id='word_1_482' title='bbox 132 4689 264 4747; x_wconf 83' lang='lat' dir='ltr'>Psalmus</span> <span class='ocrx_word' id='word_1_483' title='bbox 280 4689 336 4745; x_wconf 90' lang='lat' dir='ltr'>iste</span> <span class='ocrx_word' id='word_1_484' title='bbox 351 4688 381 4744; x_wconf 92' lang='lat' dir='ltr'>in</span> <span class='ocrx_word' id='word_1_485' title='bbox 398 4692 527 4763; x_wconf 91' lang='lat' dir='ltr'>quatuor</span> <span class='ocrx_word' id='word_1_486' title='bbox 542 4689 674 4760; x_wconf 87' lang='lat' dir='ltr'>partibus</span> <span class='ocrx_word' id='word_1_487' title='bbox 688 4688 840 4761; x_wconf 84' lang='lat' dir='ltr'>dividitor,</span> <span class='ocrx_word' id='word_1_488' title='bbox 852 4706 922 4763; x_wconf 87' lang='lat' dir='ltr'>qun·</span> <span class='ocrx_word' id='word_1_489' title='bbox 971 4689 1237 4764; x_wconf 83' lang='lat' dir='ltr'>justificationibus</span> <span class='ocrx_word' id='word_1_490' title='bbox 1251 4688 1335 4761; x_wconf 82' lang='lat' dir='ltr'>meis,</span> <span class='ocrx_word' id='word_1_491' title='bbox 1350 4688 1401 4744; x_wconf 85' lang='lat' dir='ltr'>sed</span> <span class='ocrx_word' id='word_1_492' title='bbox 1419 4688 1448 4744; x_wconf 90' lang='lat' dir='ltr'>ia</span> <span class='ocrx_word' id='word_1_493' title='bbox 1464 4688 1704 4746; x_wconf 84' lang='lat' dir='ltr'>miserationibus</span> <span class='ocrx_word' id='word_1_494' title='bbox 1719 4689 1798 4760; x_wconf 77' lang='lat' dir='ltr'>tois3</span> 
     </span>
    </p>

    <p class='ocr_par' dir='ltr' id='par_1_8' title="bbox 95 4777 1798 4852">
     <span class='ocr_line' id='line_1_40' title="bbox 95 4777 1798 4852; baseline -0.001 -14"><span class='ocrx_word' id='word_1_495' title='bbox 95 4796 159 4838; x_wconf 89' lang='lat' dir='ltr'>rum</span> <span class='ocrx_word' id='word_1_496' title='bbox 176 4777 269 4852; x_wconf 90' lang='lat' dir='ltr'>prima</span> <span class='ocrx_word' id='word_1_497' title='bbox 291 4777 416 4834; x_wconf 78' lang='lat' dir='ltr'>sormam</span> <span class='ocrx_word' id='word_1_498' title='bbox 433 4784 458 4833; x_wconf 88' lang='lat' dir='ltr'>et</span> <span class='ocrx_word' id='word_1_499' title='bbox 474 4793 593 4833; x_wconf 86' lang='lat' dir='ltr'>causam</span> <span class='ocrx_word' id='word_1_500' title='bbox 610 4777 818 4850; x_wconf 84' lang='lat' dir='ltr'>postulationis</span> <span class='ocrx_word' id='word_1_501' title='bbox 833 4795 919 4851; x_wconf 86' lang='lat' dir='ltr'>expo·</span> <span class='ocrx_word' id='word_1_502' title='bbox 975 4779 1093 4836; x_wconf 85' lang='lat' dir='ltr'>auribus</span> <span class='ocrx_word' id='word_1_503' title='bbox 1107 4779 1219 4851; x_wconf 84' lang='lat' dir='ltr'>percipe</span> <span class='ocrx_word' id='word_1_504' title='bbox 1232 4778 1446 4835; x_wconf 82' lang='lat' dir='ltr'>obsecrationem</span> <span class='ocrx_word' id='word_1_505' title='bbox 1456 4794 1557 4848; x_wconf 74' lang='lat' dir='ltr'>meacm</span> <span class='ocrx_word' id='word_1_506' title='bbox 1574 4795 1662 4852; x_wconf 86' lang='lat' dir='ltr'>quam</span> <span class='ocrx_word' id='word_1_507' title='bbox 1679 4778 1798 4836; x_wconf 77' lang='lat' dir='ltr'>effundo</span> 
     </span>
    </p>

    <p class='ocr_par' dir='ltr' id='par_1_9' title="bbox 95 4865 1799 4939">
     <span class='ocr_line' id='line_1_41' title="bbox 95 4865 1799 4939; baseline -0.002 -13"><span class='ocrx_word' id='word_1_508' title='bbox 95 4870 148 4927; x_wconf 89' lang='lat' dir='ltr'>nit.</span> <span class='ocrx_word' id='word_1_509' title='bbox 161 4868 217 4925; x_wconf 83' lang='lat' dir='ltr'>Sed</span> <span class='ocrx_word' id='word_1_510' title='bbox 235 4868 357 4924; x_wconf 77' lang='lat' dir='ltr'>sormam</span> <span class='ocrx_word' id='word_1_511' title='bbox 381 4865 588 4939; x_wconf 86' lang='lat' dir='ltr'>postulationis</span> <span class='ocrx_word' id='word_1_512' title='bbox 604 4865 633 4921; x_wconf 89' lang='lat' dir='ltr'>in</span> <span class='ocrx_word' id='word_1_513' title='bbox 650 4866 810 4925; x_wconf 88' lang='lat' dir='ltr'>orationem</span> <span class='ocrx_word' id='word_1_514' title='bbox 827 4871 856 4924; x_wconf 91' lang='lat' dir='ltr'>ot</span> <span class='ocrx_word' id='word_1_515' title='bbox 871 4868 921 4924; x_wconf 94' lang='lat' dir='ltr'>ob·</span> <span class='ocrx_word' id='word_1_516' title='bbox 976 4885 1073 4925; x_wconf 89' lang='lat' dir='ltr'>coram</span> <span class='ocrx_word' id='word_1_517' title='bbox 1090 4874 1128 4937; x_wconf 91' lang='lat' dir='ltr'>tc,</span> <span class='ocrx_word' id='word_1_518' title='bbox 1150 4884 1206 4924; x_wconf 91' lang='lat' dir='ltr'>non</span> <span class='ocrx_word' id='word_1_519' title='bbox 1221 4867 1251 4922; x_wconf 88' lang='lat' dir='ltr'>in</span> <span class='ocrx_word' id='word_1_520' title='bbox 1270 4867 1342 4923; x_wconf 81' lang='lat' dir='ltr'>ineis</span> <span class='ocrx_word' id='word_1_521' title='bbox 1358 4865 1492 4928; x_wconf 82' lang='lat' dir='ltr'>nuribus.</span> <span class='ocrx_word' id='word_1_522' title='bbox 1516 4868 1566 4923; x_wconf 89' lang='lat' dir='ltr'>sed</span> <span class='ocrx_word' id='word_1_523' title='bbox 1585 4867 1613 4922; x_wconf 92' lang='lat' dir='ltr'>in</span> <span class='ocrx_word' id='word_1_524' title='bbox 1629 4872 1680 4922; x_wconf 87' lang='lat' dir='ltr'>tos</span> <span class='ocrx_word' id='word_1_525' title='bbox 1694 4865 1799 4923; x_wconf 80' lang='lat' dir='ltr'>solun·</span> 
     </span>
    </p>
   </div>
   <div class='ocr_carea' id='block_1_7' title="bbox 94 4955 1891 5030">
    <p class='ocr_par' dir='ltr' id='par_1_10' title="bbox 94 4955 1891 5030">
     <span class='ocr_line' id='line_1_42' title="bbox 94 4955 1891 5030; baseline -0.003 -13"><span class='ocrx_word' id='word_1_526' title='bbox 94 4955 922 5030; x_wconf 79' lang='lat' dir='ltr'>sensationemdistingoit,quasinveritateeanstitie</span> <span class='ocrx_word' id='word_1_527' title='bbox 975 4955 1798 5027; x_wconf 84' lang='lat' dir='ltr'>tateetveritateconlidens;nendemeritismeis,sad</span> <span class='ocrx_word' id='word_1_528' title='bbox 1835 4962 1838 4967; x_wconf 88' lang='lat'>&#39;</span> <span class='ocrx_word' id='word_1_529' title='bbox 1889 4982 1891 4987; x_wconf 95' lang='lat'>·</span> 
     </span>
    </p>
   </div>
   <div class='ocr_carea' id='block_1_8' title="bbox 94 5045 1869 5391">
    <p class='ocr_par' dir='ltr' id='par_1_11' title="bbox 94 5045 1869 5391">
     <span class='ocr_line' id='line_1_43' title="bbox 94 5045 1869 5124; baseline -0.003 -18"><span class='ocrx_word' id='word_1_530' title='bbox 94 5047 226 5124; x_wconf 87' lang='lat' dir='ltr'>postulat</span> <span class='ocrx_word' id='word_1_531' title='bbox 237 5045 381 5116; x_wconf 83' lang='lat' dir='ltr'>exaudiri,</span> <span class='ocrx_word' id='word_1_532' title='bbox 412 5046 510 5102; x_wconf 89' lang='lat' dir='ltr'>uode:</span> <span class='ocrx_word' id='word_1_533' title='bbox 530 5047 652 5115; x_wconf 81' lang='lat' dir='ltr'>Domine,</span> <span class='ocrx_word' id='word_1_534' title='bbox 683 5047 787 5102; x_wconf 76' lang='lat' dir='ltr'>exaudi</span> <span class='ocrx_word' id='word_1_535' title='bbox 815 5046 920 5103; x_wconf 85' lang='lat' dir='ltr'>oratio·</span> <span class='ocrx_word' id='word_1_536' title='bbox 976 5046 1206 5115; x_wconf 72' lang='lat' dir='ltr'>detuaJustitia</span> <span class='ocrx_word' id='word_1_537' title='bbox 1234 5062 1367 5118; x_wconf 89' lang='lat' dir='ltr'>sperans.</span> <span class='ocrx_word' id='word_1_538' title='bbox 1399 5045 1433 5100; x_wconf 80' lang='lat' dir='ltr'>st</span> <span class='ocrx_word' id='word_1_539' title='bbox 1461 5045 1527 5101; x_wconf 91' lang='lat' dir='ltr'>ideo</span> <span class='ocrx_word' id='word_1_540' title='bbox 1541 5046 1573 5099; x_wconf 90' lang='lat' dir='ltr'>in</span> <span class='ocrx_word' id='word_1_541' title='bbox 1600 5045 1717 5100; x_wconf 86' lang='lat' dir='ltr'>ueritate</span> <span class='ocrx_word' id='word_1_542' title='bbox 1739 5050 1796 5108; x_wconf 83' lang='lat' dir='ltr'>tua,</span> <span class='ocrx_word' id='word_1_543' title='bbox 1858 5054 1869 5083; x_wconf 92' lang='grc'>-·</span> 
     </span>
     <span class='ocr_line' id='line_1_44' title="bbox 98 5133 1801 5207; baseline -0.001 -15"><span class='ocrx_word' id='word_1_544' title='bbox 98 5153 162 5193; x_wconf 89' lang='lat' dir='ltr'>nem</span> <span class='ocrx_word' id='word_1_545' title='bbox 172 5134 749 5207; x_wconf 76' lang='lat' dir='ltr'>mcumouribaupercipecbseerationcm</span> <span class='ocrx_word' id='word_1_546' title='bbox 763 5141 920 5205; x_wconf 68' lang='lat' dir='ltr'>meameto.</span> <span class='ocrx_word' id='word_1_547' title='bbox 975 5135 1079 5194; x_wconf 75' lang='lat' dir='ltr'>eraudi</span> <span class='ocrx_word' id='word_1_548' title='bbox 1099 5135 1190 5192; x_wconf 87' lang='lat' dir='ltr'>mein</span> <span class='ocrx_word' id='word_1_549' title='bbox 1207 5140 1255 5192; x_wconf 89' lang='lat' dir='ltr'>tua</span> <span class='ocrx_word' id='word_1_550' title='bbox 1274 5133 1399 5206; x_wconf 82' lang='lat' dir='ltr'>justitia.</span> <span class='ocrx_word' id='word_1_551' title='bbox 1428 5134 1544 5205; x_wconf 84' lang='lat' dir='ltr'>Repetit</span> <span class='ocrx_word' id='word_1_552' title='bbox 1571 5133 1649 5188; x_wconf 91' lang='lat' dir='ltr'>idem</span> <span class='ocrx_word' id='word_1_553' title='bbox 1674 5133 1801 5192; x_wconf 78' lang='lat' dir='ltr'>divorsis</span> 
     </span>
     <span class='ocr_line' id='line_1_45' title="bbox 95 5220 1797 5301; baseline -0.002 -19"><span class='ocrx_word' id='word_1_554' title='bbox 95 5227 223 5282; x_wconf 74' lang='lat' dir='ltr'>(tensam</span> <span class='ocrx_word' id='word_1_555' title='bbox 240 5240 305 5280; x_wconf 80' lang='lat' dir='ltr'>uero</span> <span class='ocrx_word' id='word_1_556' title='bbox 334 5220 543 5296; x_wconf 86' lang='lat' dir='ltr'>postulationis</span> <span class='ocrx_word' id='word_1_557' title='bbox 568 5224 755 5297; x_wconf 86' lang='lat' dir='ltr'>distinguens</span> <span class='ocrx_word' id='word_1_558' title='bbox 781 5223 920 5292; x_wconf 86' lang='lat' dir='ltr'>ostendit,</span> <span class='ocrx_word' id='word_1_559' title='bbox 976 5225 1242 5282; x_wconf 84' lang='lat' dir='ltr'>verbiscumdicit</span> <span class='ocrx_word' id='word_1_560' title='bbox 1259 5241 1265 5279; x_wconf 92' lang='lat'>:</span> <span class='ocrx_word' id='word_1_561' title='bbox 1282 5224 1558 5281; x_wconf 66' lang='lat' dir='ltr'>manutentionem</span> <span class='ocrx_word' id='word_1_562' title='bbox 1572 5227 1728 5301; x_wconf 68' lang='lat' dir='ltr'>meamet⁸</span> <span class='ocrx_word' id='word_1_563' title='bbox 1746 5222 1797 5280; x_wconf 91' lang='lat' dir='ltr'>ad·</span> 
     </span>
     <span class='ocr_line' id='line_1_46' title="bbox 94 5311 1796 5391; baseline 0.001 -20"><span class='ocrx_word' id='word_1_564' title='bbox 94 5314 172 5389; x_wconf 81' lang='lat' dir='ltr'>quod</span> <span class='ocrx_word' id='word_1_565' title='bbox 189 5329 246 5371; x_wconf 91' lang='lat' dir='ltr'>non</span> <span class='ocrx_word' id='word_1_566' title='bbox 262 5313 345 5368; x_wconf 84' lang='lat' dir='ltr'>decet</span> <span class='ocrx_word' id='word_1_567' title='bbox 359 5311 518 5369; x_wconf 86' lang='lat' dir='ltr'>Dominum</span> <span class='ocrx_word' id='word_1_568' title='bbox 533 5313 564 5369; x_wconf 92' lang='lat' dir='ltr'>in</span> <span class='ocrx_word' id='word_1_569' title='bbox 572 5312 719 5386; x_wconf 84' lang='lat' dir='ltr'>judicium</span> <span class='ocrx_word' id='word_1_570' title='bbox 733 5314 842 5369; x_wconf 90' lang='lat' dir='ltr'>intrare</span> <span class='ocrx_word' id='word_1_571' title='bbox 853 5329 920 5370; x_wconf 89' lang='lat' dir='ltr'>cum</span> <span class='ocrx_word' id='word_1_572' title='bbox 975 5317 1036 5374; x_wconf 90' lang='lat' dir='ltr'>dit:</span> <span class='ocrx_word' id='word_1_573' title='bbox 1054 5319 1166 5391; x_wconf 84' lang='lat' dir='ltr'>Percipc</span> <span class='ocrx_word' id='word_1_574' title='bbox 1179 5315 1396 5374; x_wconf 85' lang='lat' dir='ltr'>obsecrationem</span> <span class='ocrx_word' id='word_1_575' title='bbox 1410 5330 1512 5383; x_wconf 84' lang='lat' dir='ltr'>meam,</span> <span class='ocrx_word' id='word_1_576' title='bbox 1528 5328 1580 5387; x_wconf 83' lang='lat' dir='ltr'>per</span> <span class='ocrx_word' id='word_1_577' title='bbox 1595 5314 1796 5385; x_wconf 88' lang='lat' dir='ltr'>repetitionem</span> 
     </span>
    </p>
   </div>
   <div class='ocr_carea' id='block_1_9' title="bbox 95 5399 1892 5480">
    <p class='ocr_par' dir='ltr' id='par_1_12' title="bbox 95 5399 1892 5480">
     <span class='ocr_line' id='line_1_47' title="bbox 95 5399 1892 5480; baseline 0 -18"><span class='ocrx_word' id='word_1_578' title='bbox 95 5419 252 5473; x_wconf 64' lang='lat' dir='ltr'>aerumnae</span> <span class='ocrx_word' id='word_1_579' title='bbox 268 5400 387 5473; x_wconf 87' lang='lat' dir='ltr'>expedit</span> <span class='ocrx_word' id='word_1_580' title='bbox 403 5415 487 5457; x_wconf 89' lang='lat' dir='ltr'>servo</span> <span class='ocrx_word' id='word_1_581' title='bbox 513 5399 543 5459; x_wconf 94' lang='lat' dir='ltr'>ln</span> <span class='ocrx_word' id='word_1_582' title='bbox 563 5402 711 5476; x_wconf 77' lang='lat' dir='ltr'>judicium</span> <span class='ocrx_word' id='word_1_583' title='bbox 729 5402 838 5458; x_wconf 76' lang='lat' dir='ltr'>intrare</span> <span class='ocrx_word' id='word_1_584' title='bbox 851 5417 919 5458; x_wconf 83' lang='lat' dir='ltr'>cum</span> <span class='ocrx_word' id='word_1_585' title='bbox 974 5405 1064 5479; x_wconf 86' lang='lat' dir='ltr'>hujus</span> <span class='ocrx_word' id='word_1_586' title='bbox 1075 5406 1243 5480; x_wconf 84' lang='lat' dir='ltr'>exprimens</span> <span class='ocrx_word' id='word_1_587' title='bbox 1255 5402 1434 5460; x_wconf 88' lang='lat' dir='ltr'>deslderium</span> <span class='ocrx_word' id='word_1_588' title='bbox 1445 5406 1474 5459; x_wconf 88' lang='lat' dir='ltr'>et</span> <span class='ocrx_word' id='word_1_589' title='bbox 1484 5403 1796 5462; x_wconf 84' lang='lat' dir='ltr'>‹lictumconflrmans.</span> <span class='ocrx_word' id='word_1_590' title='bbox 1888 5424 1892 5435; x_wconf 86' lang='lat'>·</span> 
     </span>
    </p>
   </div>
   <div class='ocr_carea' id='block_1_10' title="bbox 94 5489 1873 5659">
    <p class='ocr_par' dir='ltr' id='par_1_13' title="bbox 94 5489 1873 5659">
     <span class='ocr_line' id='line_1_48' title="bbox 95 5489 1873 5564; baseline 0 -13"><span class='ocrx_word' id='word_1_591' title='bbox 95 5491 240 5559; x_wconf 87' lang='lat' dir='ltr'>Domino;</span> <span class='ocrx_word' id='word_1_592' title='bbox 259 5490 357 5547; x_wconf 88' lang='lat' dir='ltr'>unde:</span> <span class='ocrx_word' id='word_1_593' title='bbox 375 5490 579 5548; x_wconf 81' lang='lat' dir='ltr'>Noncntrscls</span> <span class='ocrx_word' id='word_1_594' title='bbox 603 5489 745 5564; x_wconf 85' lang='lat' dir='ltr'>judicium</span> <span class='ocrx_word' id='word_1_595' title='bbox 767 5507 831 5548; x_wconf 89' lang='lat' dir='ltr'>cum</span> <span class='ocrx_word' id='word_1_596' title='bbox 844 5506 920 5548; x_wconf 85' lang='lat' dir='ltr'>seruo</span> <span class='ocrx_word' id='word_1_597' title='bbox 974 5495 1070 5551; x_wconf 87' lang='lat' dir='ltr'>Potest</span> <span class='ocrx_word' id='word_1_598' title='bbox 1085 5499 1184 5551; x_wconf 91' lang='lat' dir='ltr'>autem</span> <span class='ocrx_word' id='word_1_599' title='bbox 1211 5493 1289 5549; x_wconf 89' lang='lat' dir='ltr'>inter</span> <span class='ocrx_word' id='word_1_600' title='bbox 1316 5492 1478 5548; x_wconf 88' lang='lat' dir='ltr'>orationem</span> <span class='ocrx_word' id='word_1_601' title='bbox 1506 5495 1535 5547; x_wconf 90' lang='lat' dir='ltr'>et</span> <span class='ocrx_word' id='word_1_602' title='bbox 1563 5492 1794 5551; x_wconf 86' lang='lat' dir='ltr'>obsecrationem</span> <span class='ocrx_word' id='word_1_603' title='bbox 1871 5526 1873 5531; x_wconf 95' lang='lat'>·</span> 
     </span>
     <span class='ocr_line' id='line_1_49' title="bbox 94 5577 1796 5659; baseline 0.001 -19"><span class='ocrx_word' id='word_1_604' title='bbox 94 5587 156 5651; x_wconf 85' lang='lat' dir='ltr'>tuo,</span> <span class='ocrx_word' id='word_1_605' title='bbox 171 5583 226 5638; x_wconf 83' lang='lat' dir='ltr'>ets.</span> <span class='ocrx_word' id='word_1_606' title='bbox 243 5579 291 5636; x_wconf 83' lang='lat' dir='ltr'>eit</span> <span class='ocrx_word' id='word_1_607' title='bbox 304 5577 404 5652; x_wconf 83' lang='lat' dir='ltr'>itaque</span> <span class='ocrx_word' id='word_1_608' title='bbox 418 5578 582 5653; x_wconf 76' lang='lat' dir='ltr'>penitens:</span> <span class='ocrx_word' id='word_1_609' title='bbox 599 5582 726 5654; x_wconf 77' lang='lat' dir='ltr'>domine,</span> <span class='ocrx_word' id='word_1_610' title='bbox 738 5579 843 5640; x_wconf 76' lang='lat' dir='ltr'>smodi</span> <span class='ocrx_word' id='word_1_611' title='bbox 855 5596 920 5638; x_wconf 87' lang='lat' dir='ltr'>era·</span> <span class='ocrx_word' id='word_1_612' title='bbox 975 5583 1128 5659; x_wconf 87' lang='lat' dir='ltr'>distingui,</span> <span class='ocrx_word' id='word_1_613' title='bbox 1145 5588 1178 5640; x_wconf 91' lang='lat' dir='ltr'>ut</span> <span class='ocrx_word' id='word_1_614' title='bbox 1188 5581 1279 5640; x_wconf 79' lang='lat' dir='ltr'>oratio</span> <span class='ocrx_word' id='word_1_615' title='bbox 1294 5580 1407 5654; x_wconf 81' lang='lat' dir='ltr'>aitque</span> <span class='ocrx_word' id='word_1_616' title='bbox 1418 5596 1486 5638; x_wconf 89' lang='lat' dir='ltr'>cum</span> <span class='ocrx_word' id='word_1_617' title='bbox 1499 5580 1715 5656; x_wconf 84' lang='lat' dir='ltr'>supplicatione</span> <span class='ocrx_word' id='word_1_618' title='bbox 1727 5597 1796 5657; x_wconf 89' lang='lat' dir='ltr'>pro·</span> 
     </span>
    </p>
   </div>
   <div class='ocr_carea' id='block_1_11' title="bbox 0 0 1902 5986">
    <p class='ocr_par' dir='ltr' id='par_1_14' title="bbox 0 0 1902 5986">
     <span class='ocr_line' id='line_1_50' title="bbox 0 0 1902 5986; baseline 0 0"><span class='ocrx_word' id='word_1_619' title='bbox 0 0 1902 5986; x_wconf 95' lang='lat' dir='ltr'> </span> 
     </span>
    </p>
   </div>
  </div>
 </body>
</html>
