3796 5986
100 240 155 300 ⁶³⁵
539 249 748 306 muccuuru
765 250 804 304 111
824 247 926 303 aare
943 244 1138 302 subuersas
1155 236 1366 302 corrueras.
1759 246 1807 305 aas

102 370 173 426 sunt
187 373 305 441 propter
318 373 465 428 terrenam
485 371 730 429 inhabitationem
755 388 820 444 qua
840 369 923 441 nigra
937 388 963 456 Α
1013 367 1156 440 Loquitur
1169 367 1238 426 item
1253 368 1283 424 in
1298 383 1425 441 persona
1438 368 1726 441 cnjusllbatJustlra
1741 371 1806 428 Asi·

101 460 131 513 et
146 458 372 528 tenebrosaest3
389 462 469 517 uude
491 461 566 518 Job:
584 482 599 512 «
624 462 656 517 ln
681 461 810 518 tenebris
834 458 922 516 stravi
978 473 1024 513 ma
1038 473 1099 514 ossa
1113 462 1210 514 tecum
1225 462 1280 524 est,
1296 479 1311 507 a
1328 455 1441 514 scilicet
1463 457 1588 531 spiritus
1603 474 1717 529 menn
1733 462 1805 518 unda

100 544 208 602 lectum
224 564 321 604 meum
333 549 407 619 (tob.
422 555 504 618 xv11l3
520 572 534 601 n
550 555 579 607 ot
594 551 623 606 in
637 550 763 607 canticis
780 565 787 604 z
806 571 819 600 a
833 549 924 621 Nigra
978 546 1006 602 in
1020 546 1170 603 Ezechiale
1183 565 1194 602 .·
1211 569 1224 598 a
1240 546 1348 602 Omnes
1363 548 1468 602 anima
1477 563 1547 604 mee
1557 552 1652 617 sunt;
1667 553 1701 605 st
1711 550 1805 608 anim

99 650 166 691 sum
181 637 234 693 sed
248 637 388 710 formosa,
405 639 471 695 tilia
485 639 649 696 Jerusalem
667 639 794 712 (canta).
812 659 826 688 »
840 641 923 693 Hane
977 652 1041 708 que
1053 640 1154 708 peccat
1169 636 1233 696 iuss
1258 635 1383 692 moritur
1405 638 1513 704 (Esset,
1538 640 1636 708 xmus).
1664 662 1678 692 s
1708 642 1744 694 ut
1767 640 1804 695 di·

98 725 274 798 quadrigam
294 733 420 798 quatuor
434 728 537 784 mundi
552 729 705 785 cardinum
729 729 766 783 ah
791 725 922 782 humano
977 725 1053 780 citur
1068 725 1128 780 hac
1142 725 1242 780 anima
1261 725 1297 781 ab
1321 742 1339 781 a
1366 726 1444 797 quud
1470 730 1515 783 est
1535 726 1634 800 alpha,
1664 733 1738 785 uota
1753 733 1805 785 Pa·

100 814 429 887 generepossidondam
447 816 645 891 praefiguravit
664 833 770 874 nomen
795 816 922 884 Admau
976 817 1072 880 trem;
1092 817 1122 869 st
1144 811 1206 874 νοῦς
1229 829 1294 885 qua
1322 829 1400 870 merra
1431 819 1486 884 cst,
1522 820 1593 873 nota
1619 815 1755 886 Piliam
1778 824 1804 874 ct

100 906 227 974 quatuor
251 905 421 962 nominibus
445 909 574 979 quatuor
603 905 798 962 cardinalium
823 902 921 960 stalla·
977 918 1061 958 amor
1085 902 1164 974 quud
1187 906 1233 958 est
1252 903 1379 974 Spiritus
1411 907 1543 962 sanctus.
1583 906 1801 963 Denomiuatur

100 1007 166 1047 rum
179 992 236 1064 (bl)
251 993 460 1065 compositum,
476 1010 540 1066 quas
555 989 921 1066 suutdraaolqddsrqtipa·
976 989 1055 1046 enim
1071 1007 1089 1047 a
1104 990 1199 1046 tribus
1215 991 1358 1063 personis,
1372 990 1442 1063 quia
1456 993 1619 1064 plurimum
1634 996 1765 1052 reducat
1776 996 1804 1052 in

96 1075 366 1155 τος,μισημ6ρία,ει
378 1099 503 1155 quorum
519 1084 673 1140 nominum
689 1081 834 1155 capitibus
844 1097 922 1138 com·
975 1080 1075 1135 anima
1090 1078 1247 1153 vestigium
1257 1080 1420 1148 Trinitatis,
1444 1075 1562 1155 propter
1582 1088 1645 1141 tres
1671 1084 1741 1157 aius
1763 1085 1803 1140 ri·

97 1169 228 1242 positum
244 1175 289 1228 est
304 1172 659 1229 nomenldam.Similiter
672 1176 702 1229 et
716 1171 771 1229 hoc
785 1169 921 1244 generale
975 1182 1033 1237 res,
1059 1167 1249 1240 irascibilem,
1274 1169 1492 1238 rationabilem,
1527 1171 1803 1245 concrrpisoibilenr.

97 1273 204 1316 nomen
220 1259 299 1317 homo
314 1277 348 1317 ax
364 1260 409 1317 bis
424 1265 553 1334 quatuor
567 1261 749 1331 nominibus,
765 1260 921 1330 oriens,oc·
974 1257 1026 1313 vis
1041 1257 1198 1315 irascibilis
1213 1258 1337 1315 sonatio
1353 1260 1572 1318 animositatem
1584 1265 1614 1320 et
1624 1262 1802 1336 potentiam,

96 1347 208 1416 uidens,
224 1349 372 1420 meridies,
388 1351 548 1423 septentrio
563 1354 608 1408 est
618 1349 826 1423 compositum,
840 1348 919 1420 tipo·
974 1351 1003 1404 et
1016 1347 1056 1403 lta
1071 1346 1189 1419 respicit
1203 1348 1239 1404 ad
1256 1353 1389 1419 Patrcm;
1415 1350 1602 1408 rationabilis
1625 1351 1659 1408 in
1686 1352 1804 1425 sapien·

97 1437 246 1509 sits,pros
263 1441 295 1494 ut
304 1442 416 1510 septem
429 1456 481 1511 pro
489 1438 620 1509 {scheer
636 1456 687 1512 pro
701 1434 817 1510 teEqui
830 1437 919 1494 tertia
973 1439 1055 1504 tiam,
1080 1441 1109 1493 at
1127 1437 1169 1492 ita
1192 1436 1320 1509 pertinet
1345 1439 1381 1494 ad
1405 1438 1531 1508 Pilium;
1557 1440 1803 1513 concupiscibilis

96 1529 168 1581 eunt
182 1524 252 1592 albi,
268 1526 339 1598 quia
350 1526 470 1583 trahunt
486 1529 521 1584 ad
537 1528 743 1595 aeternitatem,
758 1529 788 1584 in
804 1544 862 1600 qua
876 1532 921 1585 est
973 1526 1143 1599 pertinetad
1154 1525 1376 1595 voluntatem,et
1389 1529 1429 1584 ita
1439 1528 1560 1600 respicit
1573 1529 1722 1602 Spiritum
1733 1547 1801 1586 sau·

96 1614 244 1671 eandorct
259 1615 486 1682 taxinauabitia
494 1618 581 1688 juxta
596 1616 920 1673 illud:«1teushabitut
973 1621 1064 1682 ctum,
1080 1615 1131 1689 qui
1146 1621 1190 1671 est
1204 1615 1342 1672 voluntas
1357 1617 1522 1690 utriusque.
1553 1617 1735 1675 conturbavit
1747 1636 1798 1689 ese,

96 1702 191 1760 lucem
207 1703 441 1762 inaccessibilem
458 1709 485 1775 (l
499 1707 565 1763 lim.
581 1707 633 1779 vr),
657 1728 670 1756 a
697 1707 783 1778 cujus
797 1705 916 1762 horizon
972 1703 1002 1759 id
1017 1708 1062 1760 est
1076 1721 1183 1777 corpus
1198 1720 1298 1760 meum
1313 1705 1339 1761 ei
1361 1705 1534 1778 imperando
1559 1724 1566 1762 :
1589 1711 1709 1779 prepter
1730 1725 1798 1782 qua·

95 1797 125 1851 ct
138 1795 372 1852 circumferentia
388 1800 434 1853 est
451 1801 581 1870 tempus,
598 1801 628 1853 ut
653 1797 724 1853 dicit
750 1796 916 1853 Psalmista.
935 1764 957 1831 Β
972 1793 1065 1863 driqas
1080 1791 1325 1850 telostichide
1341 1801 1466 1866 quatuor
1480 1796 1720 1869 quadrige,aunt
1730 1814 1797 1870 qua·

94 1881 169 1954 Equi
184 1888 293 1955 quarta
316 1893 386 1940 sunt
408 1885 480 1940 varii
504 1892 623 1957 propter
645 1884 805 1941 allectionis
827 1884 918 1940 varia·
970 1883 1172 1938 tuorvirtutes
1186 1881 1428 1954 cardinalesque
1444 1883 1796 1942 informalesuutchuri·

94 1972 181 2026 tates.
197 1972 231 2027 Et
242 1971 304 2028 iste
320 1977 448 2044 quatuor
462 1973 610 2045 quadriga
632 1989 755 2046 egressa
771 1978 841 2028 sunt
856 1993 870 2023 a
883 1977 918 2029 de
931 2008 955 2017 -
970 1976 1041 2027 tato.
1058 1974 1090 2028 ln
1105 1971 1161 2027 hoc
1175 1988 1261 2027 curru
1277 1971 1362 2044 igneo
1377 1972 1455 2029 Elias
1467 1979 1569 2046 raptus
1582 1979 1629 2031 est
1643 1975 1675 2030 in
1693 1975 1795 2032 eaelum

73 2058 331 2117 medioduorum
343 2062 917 2135 montium,»quisuntprincipiumet
972 2061 1020 2132 (fl'
1041 2062 1106 2132 Req.
1133 2060 1177 2132 ιι),
1203 2060 1343 2133 Loquitur
1375 2062 1444 2118 item
1477 2079 1587 2134 sponsa
1616 2065 1647 2119 in
1673 2080 1797 2136 persona

94 2145 174 2204 fluis.
972 2148 1141 2222 paenitentis
1157 2165 1165 2206 t
1182 2150 1279 2205 arima
1294 2166 1364 2222 mea,
1381 2150 1435 2208 boc
1455 2155 1500 2207 est
1525 2151 1710 2210 sensualitas
1724 2169 1797 2221 msa,

128 2236 270 2308 Loquitur
286 2243 386 2295 nostra
395 2256 505 2312 sponsa
519 2239 547 2295 in
564 2239 683 2313 propria
697 2257 831 2313 persona,
847 2238 917 2312 qula
971 2252 1065 2310 quae...
1087 2237 1116 2293 in
1143 2238 1267 2295 terrenis
1290 2244 1435 2297 versatur.
1460 2240 1509 2297 Est
1531 2241 1609 2297 euim
1632 2241 1726 2298 homo
1749 2259 1797 2298 na·

92 2322 166 2381 dicit
180 2325 313 2384 militans
327 2326 475 2385 Ecclesia:
490 2330 591 2385 Anima
610 2345 684 2395 mea,
709 2333 778 2395 eto„
802 2328 857 2386 boo
872 2332 917 2386 est
970 2327 1049 2384 tione
1064 2327 1224 2396 terrestris,
1240 2326 1317 2384 sicut
1328 2329 1442 2386 ratione
1454 2328 1590 2400 caelestis,
1601 2329 1796 2388 conturbavit

89 2411 164 2484 justi
179 2414 263 2472 electi
280 2416 348 2473 mci.
363 2416 445 2474 Unde
461 2418 491 2473 in
506 2419 609 2474 Genesi
631 2435 638 2475 :
656 2440 670 2466 a
686 2417 794 2475 Omnes
810 2418 915 2475 anima
971 2431 1018 2472 ma
1033 2416 1257 2474 conturbatione
1278 2417 1436 2491 passionis,
1457 2418 1493 2475 de
1521 2435 1578 2489 qua
1601 2419 1632 2475 in
1653 2419 1796 2478 Psalmo:

93 2499 201 2559 domus
215 2501 306 2560 Jacob
320 2520 385 2576 que
399 2505 538 2578 ingressa
553 2507 668 2563 suntin
682 2507 839 2580 AEgyptum
854 2507 915 2562 fua·
970 2525 985 2555 «
1000 2503 1143 2561 anxiatus
1163 2508 1208 2562 ast
1221 2505 1251 2560 in
1275 2521 1322 2562 me
1345 2506 1468 2577 spiritus
1492 2523 1588 2577 meuc,
1614 2508 1645 2565 in
1665 2525 1717 2567 mc
1737 2514 1798 2566 tur·

94 2593 175 2662 runt,
191 2591 438 2666 axx(Gen.xuv1).
454 2615 469 2645 »
485 2594 520 2650 Et
535 2594 644 2651 dieitur
667 2595 728 2652 hac
757 2596 856 2652 anima
879 2599 915 2652 ab
971 2594 1072 2650 batum
1088 2598 1133 2651 est
1146 2611 1197 2651 cor
1211 2609 1310 2651 meum
1327 2596 1415 2666 (Prot.
1427 2598 1522 2669 mura).
1539 2620 1554 2648 a

93 2675 153 2748 dud,
170 2681 248 2752 quod
263 2686 308 2737 ast
319 2691 433 2751 rectum,
449 2687 479 2739 et
493 2683 590 2756 imago
605 2685 681 2756 quod
699 2683 913 2741 estsimilitude.
1004 2684 1122 2754 Propter
1143 2683 1292 2756 quadripes
1311 2683 1475 2741 Amiaadad.
1500 2686 1576 2743 Sunt
1607 2691 1707 2744 autam
1734 2688 1796 2745 due

93 2765 177 2825 Unde
190 2769 220 2824 in
237 2768 368 2828 Genesin
382 2771 692 2829 Faciamusbominam
707 2774 743 2829 ad
755 2773 913 2846 imaginem
969 2771 1147 2844 principales
1171 2772 1318 2843 quadriga
1342 2772 1437 2843 prium
1460 2779 1489 2830 et
1510 2774 1705 2846 principalior
1724 2792 1797 2850 qua·

93 2858 122 2913 et
135 2855 361 2915 similitudinem
382 2865 512 2917 nostram
533 2861 612 2933 (Gerr.
637 2861 670 2932 r).
696 2883 710 2912 »
735 2860 916 2918 conturbavit
968 2862 1036 2915 tuor
1050 2861 1121 2917 rotis
1136 2858 1271 2930 volvitur,
1287 2877 1350 2931 qua
1361 2867 1430 2918 sunt
1445 2867 1630 2934 peccatorum
1645 2865 1799 2937 remissio,

8 2980 10 2985 ·
91 2960 146 3013 me,
161 2946 292 3004 turbavit
307 2965 354 3005 me
377 2950 546 3006 turbatione
570 2950 721 3020 desiderii,
742 2950 779 3007 de
803 2967 863 3025 qua
883 2951 913 3007 ln
968 2949 1067 3005 cordis
1082 2949 1230 3019 contritio,
1246 2948 1306 3006 oris
1320 2950 1477 3022 confessio,
1494 2952 1592 3025 operis
1616 2952 1795 3011 satisfactio.

5 3060 11 3071 =
88 3033 230 3092 Psalmo:
257 3057 269 3088 a
293 3037 399 3094 Anima
421 3055 485 3095 mea
509 3039 625 3095 turbata
649 3045 695 3096 est
718 3040 801 3096 valde
824 3041 912 3112 (Prot.
968 3040 1036 3106 Qua
1052 3042 1179 3111 quatuor
1192 3037 1384 3095 insinuantur
1399 3045 1525 3113 quatuor
1539 3041 1646 3109 verbis,
1662 3042 1796 3101 scilicet:

89 3123 150 3195 v1);
166 3145 182 3175 a
194 3126 475 3200 propterquadriqaa.
492 3128 568 3185 Sunt
582 3133 681 3185 autam
706 3129 770 3184 dua
789 3129 910 3202 quadri·
930 3120 952 3189 G
971 3147 986 3177 κ
1002 3125 1138 3183 Miserere
1153 3126 1223 3194 mai,
1244 3127 1320 3183 Deus
1335 3129 1420 3198 (Prot.
1448 3130 1485 3202 a).
1512 3151 1526 3181 a
1555 3130 1589 3186 Et
1609 3130 1640 3186 in
1666 3131 1797 3190 (lacticis

90 3227 144 3286 goa,
160 3213 269 3287 quibus
284 3215 400 3273 vehitur
419 3216 567 3286 Ecclesia3
583 3233 642 3274 una
665 3221 711 3274 est
735 3233 914 3274 commemo·
969 3218 1073 3286 quater
1089 3215 1232 3288 repetitur
1257 3232 1264 3271 :
1290 3217 1443 3287 devertere,
1464 3226 1608 3287 revertere,
1633 3227 1665 3276 at
1684 3221 1796 3276 tratura·

89 3301 300 3376 rationisque
325 3309 537 3362 commemorat
561 3310 687 3378 quatuor
707 3304 810 3362 muudi
839 3311 916 3362 tam·
968 3308 1140 3360 murteta
1164 3302 1219 3360 hac
1253 3305 1335 3362 sedat
1370 3305 1503 3380 AEthiops
1535 3307 1692 3365 eunuchus
1722 3309 1793 3381 bap·

89 3406 171 3464 pora,
188 3394 342 3450 annuatim
358 3393 565 3451 Ecclesiastico
583 3394 681 3452 officia
704 3395 914 3468 quadrifariam
967 3391 1104 3449 tizandus
1120 3410 1137 3449 a
1151 3392 1298 3466 Philippu,
1323 3394 1400 3452 sicut
1415 3394 1523 3467 legitur
1537 3397 1568 3452 in
1585 3396 1706 3454 Actibus
1721 3413 1795 3472 apo·

87 3480 239 3537 variando.
254 3485 381 3556 tempus
401 3483 590 3541 derivationis
615 3484 645 3540 in
671 3485 913 3558 septuagesima3
968 3482 1113 3539 stolorum
1132 3483 1207 3554 (cap.
1230 3488 1302 3552 mir).
1325 3484 1513 3542 Hiceurrus
1537 3485 1670 3543 succedit
1692 3486 1795 3543 currui

87 3574 207 3642 tempus
226 3572 419 3644 regressionis
435 3591 452 3630 a
466 3573 578 3630 Pascha
602 3590 696 3645 usquo
720 3573 756 3630 ad
782 3574 916 3630 Penteco·
971 3570 1144 3639 Pharaonis,
1160 3574 1189 3627 et
1212 3571 1405 3640 absorbetur;
1431 3574 1482 3645 qui
1504 3573 1643 3630 similiter
1667 3581 1796 3647 quatuor

90 3659 185 3726 stem;
202 3658 321 3716 abinde
338 3678 430 3734 usque
442 3663 478 3718 ad
491 3666 639 3719 uvantum
651 3666 768 3734 tempus
784 3663 914 3736 peregri·
967 3662 1046 3717 rotas
1061 3660 1159 3727 habet,
1176 3665 1303 3733 quatuor
1325 3676 1433 3734 genera
1456 3668 1655 3734 peccatorum,
1681 3663 1795 3721 scilicet

1 3755 3 3760 '
89 3744 238 3804 nationis:
264 3765 359 3821 usque
384 3751 420 3806 ad
446 3756 562 3808 octavae
598 3750 766 3823 Epiphaniae
798 3751 915 3824 applica
967 3748 1150 3822 delectionis,
1166 3766 1339 3817 consensus,
1355 3750 1524 3821 locutionis,
1546 3756 1575 3808 et
1598 3753 1706 3826 operis.
1724 3755 1791 3821 Qua

89 3835 208 3909 tempus
234 3838 443 3911 regressionis3
458 3839 495 3896 ab
518 3838 666 3896 Abraham
686 3855 781 3912 usque
806 3841 841 3896 ad
863 3841 913 3896 Sa·
968 3836 1169 3909 submergitur
1183 3838 1213 3894 in
1229 3839 1304 3897 mari
1324 3839 1433 3909 Rubro,
1449 3841 1504 3898 hoc
1519 3845 1565 3898 est
1587 3842 1618 3897 in
1642 3841 1792 3916 baptismo

88 3923 303 3997 ptuagcsimam
319 3927 913 4002 tempusperegrinationis.Proptarhanc
967 3941 1019 3982 seu
1044 3926 1216 3998 paenitentia
1245 3928 1290 3985 vel
1323 3927 1444 3986 flamma
1472 3929 1640 4001 gehennali.
1658 3931 1794 3988 Secunda

89 4013 264 4087 quadrigam
276 4014 913 4087 diciturinpsalm0;«Psallitellconostro,
967 4015 1113 4089 quadriga
1144 4016 1281 4074 consistit
1311 4017 1340 4073 iu
1370 4018 1558 4091 quadruplici
1582 4019 1793 4083 satisfactione.

88 4100 218 4174 psallite,
234 4103 352 4177 psallite
367 4104 436 4178 flagi
449 4109 560 4175 nostro,
575 4105 689 4178 psallite
703 4105 792 4177 (Paul.
808 4106 913 4178 auvil.»
968 4103 1532 4179 seilicetjejuniis,rigiliis,orationibus
1543 4112 1573 4164 st
1587 4108 1795 4181 eleemosynis,

87 4189 184 4248 Altera
199 4197 244 4249 est
258 4210 323 4265 qua
337 4193 425 4251 habet
439 4202 567 4267 quatuor
579 4199 669 4263 rotas,
685 4194 714 4250 id
728 4200 773 4252 est
787 4200 914 4268 quatuor
968 4210 1033 4266 quaa
1047 4194 1183 4251 similiter
1199 4195 1430 4270 quatuorvarbis
1445 4196 1652 4269 significantur
1666 4198 1696 4254 in
1712 4197 1795 4255 Psal-

89 4281 196 4349 stutus,
231 4281 413 4353 clericorum,
449 4283 666 4356 paenitentiam,
700 4283 912 4354 inuocantium,
968 4283 1433 4342 mc:alleclinaamaloatfac
1461 4285 1584 4359 bonum,
1610 4287 1727 4359 inquire
1741 4304 1796 4361 pa·

87 4366 520 4430 confessorumlstosordinea
543 4372 676 4429 insinuat
695 4372 822 4447 Spiritus
846 4390 914 4431 san·
966 4389 1030 4430 cam
1053 4379 1082 4430 at
1110 4389 1285 4447 persequare
1318 4390 1383 4431 eam
1421 4375 1509 4446 (Paul.
1544 4377 1652 4448 auur).
1689 4398 1699 4426 υ
1734 4376 1793 4434 Hoc

87 4458 153 4513 ctus
167 4457 333 4516 inCanticis
344 4461 394 4516 ubi
406 4462 447 4518 ait
459 4479 465 4518 :
479 4463 546 4532 Quae
555 4467 596 4519 est
611 4464 641 4518 irs
651 4462 707 4519 ista
718 4478 781 4536 quse
790 4463 913 4521 moendit
927 4479 951 4544 Β
967 4461 1134 4534 plaustrum
1159 4463 1265 4520 stridet
1293 4464 1475 4522 orationibus
1507 4469 1536 4522 et
1560 4467 1660 4523 fanum
1683 4470 1792 4539 portat,

86 4544 159 4624 aaut
173 4563 277 4604 curere
301 4563 479 4619 somergem,
493 4550 611 4622 pulchro
634 4555 665 4608 ut
690 4552 767 4624 luae,
782 4554 867 4610 electa
880 4556 911 4609 et
965 4551 1078 4608 scilicet
1108 4552 1317 4610 arefactionem
1350 4557 1379 4609 et
1403 4554 1630 4611 desiccationem
1658 4556 1791 4628 corporis

85 4635 137 4705 sol,
164 4635 302 4694 terribilis
334 4644 365 4694 ut
396 4648 550 4696 castrorum
580 4642 654 4697 acies
686 4641 838 4698 ordinatu?
860 4642 911 4699 leti
965 4639 1100 4713 humani,
1121 4642 1208 4714 juxta
1226 4641 1299 4699 illud
1328 4645 1414 4699 lmos
1447 4643 1597 4716 propheta
1623 4643 1699 4716 (cap.
1723 4648 1789 4712 rr):

87 4726 157 4780 sunt
191 4729 318 4797 quatuor
344 4726 456 4784 colores
481 4728 532 4802 qui
565 4733 650 4786 erant
674 4730 703 4786 iu
728 4731 911 4803 operimento
968 4750 983 4781 a
1004 4729 1077 4787 Ecce
1098 4746 1150 4803 ego
1174 4730 1278 4787 subter
1306 4747 1369 4802 vos,
1394 4731 1469 4788 sicut
1493 4732 1598 4789 stridet
1620 4731 1789 4805 planstrum

84 4811 278 4883 tabernaculi,
311 4815 424 4873 scilicet
458 4834 606 4892 purpure,
641 4819 732 4891 byssi,
769 4819 847 4876 cocci
882 4823 911 4876 st
966 4817 1032 4875 feno
1043 4823 1195 4877 onustum.
1213 4841 1225 4870 r
1243 4820 1277 4876 Et
1293 4819 1452 4892 opponitur
1466 4819 1526 4876 hac
1552 4821 1696 4893 quadriga
1709 4819 1792 4894 plau·

85 4900 248 4975 hyacinthi.
267 4905 298 4960 ln
316 4903 360 4962 bis
376 4905 528 4979 quadrigis
544 4907 695 4965 reducitur
712 4923 779 4965 arca
794 4908 913 4965 foederis
967 4911 1028 4964 stro
1044 4908 1136 4965 ferreo
1150 4908 1285 4966 Damasci
1302 4908 1421 4965 habenti
1437 4909 1575 4966 similiter
1597 4913 1725 4982 quatuor
1743 4926 1790 4967 ro·

85 4991 216 5050 aGabaa
232 4992 261 5049 iu
285 4993 469 5065 Jerusalem
486 5000 515 5052 et
540 4997 642 5071 regina
665 4997 767 5054 Austri
790 4999 869 5054 venit
894 5015 911 5055 a
966 5000 1023 5064 tas,
1040 5002 1193 5067 paccatum
1215 4996 1386 5064 locutionis,
1409 4997 1605 5070 cogitationis,
1630 5003 1658 5055 et
1681 4999 1791 5073 operis,

85 5078 197 5139 fluibus
213 5087 298 5139 terra
312 5084 415 5141 audire
430 5084 607 5157 sapientiam
622 5086 798 5144 Salomonis.
815 5089 913 5160 ingre·
966 5091 995 5142 et
1009 5085 1109 5143 finalis
1122 5086 1352 5159 impoenitentia.
1369 5085 1452 5142 Unde
1475 5085 1506 5141 in
1526 5089 1616 5144 Amos
1635 5087 1791 5160 propheta,

86 5166 166 5226 ditur
183 5171 366 5242 Jerusalem
384 5172 439 5229 hoe
461 5179 507 5231 est
529 5172 657 5230 Ecclesia
680 5172 825 5244 militans,
847 5192 912 5247 qua
967 5196 982 5225 n
997 5175 1092 5249 Super
1105 5175 1201 5231 tribus
1217 5173 1375 5231 sceleribus
1389 5175 1535 5244 Damasci,
1549 5199 1563 5228 »
1585 5174 1700 5233 scilicet
1711 5175 1791 5233 locu·

85 5257 284 5328 proficiscitur
298 5261 328 5318 in
351 5261 499 5319 caelestem
527 5261 691 5320 Jerusalem
718 5262 912 5336 contemplari
966 5262 1057 5336 tione,
1073 5264 1249 5336 cogitatione
1272 5267 1300 5320 et
1323 5280 1427 5337 opara;
1445 5287 1459 5315 «
1475 5268 1505 5320 st
1529 5281 1619 5338 super
1641 5269 1759 5338 quarto,
1776 5289 1791 5317 a

85 5357 238 5405 summum
253 5349 450 5410 salomonem.
967 5353 1081 5412 scilicet
1095 5368 1185 5427 super
1200 5351 1281 5410 finali
1294 5351 1520 5426 impoenitentia,
1544 5376 1559 5407 ε
1586 5357 1618 5412 nt
1640 5359 1792 5414 convertat

120 5555 178 5636 (tt)
193 5557 264 5620 cor.
279 5560 421 5622 aarum.
436 5561 492 5622 saa
509 5558 600 5620 maiar
614 5560 769 5637 seusam,
785 5561 815 5621 u
830 5566 876 5621 aa
889 5578 1058 5635 samm„
1072 5563 1242 5625 serasera
1255 5563 1330 5625 nunu
1344 5564 1485 5627 ararat.
1580 5538 1584 5545 ’
