3796 5986
27 254 88 313 m
309 272 314 287 ·
368 256 417 310 un
432 252 550 310 sscao
567 253 721 309 aurens
738 251 1037 325 usssaurossuteat
1055 257 1136 313 sex.
1152 283 1185 298 -
1201 259 1401 320 reomaus.
1683 268 1740 327 rra

26 384 204 455 receperunt
217 395 295 447 sum,
305 379 435 436 dediteis
445 381 618 450 patestatem
629 376 706 434 illios
716 377 766 434 Dei
779 377 853 444 fleri,
872 382 898 449 A
913 396 1025 437 ruerunt
1040 397 1109 441 ser:
1126 385 1154 439 et
1166 382 1310 441 habitavit
1324 385 1354 441 in
1370 386 1465 446 nohis.
1481 389 1517 446 st
1532 390 1662 451 vidimus
1673 396 1737 470 glo·

26 470 78 528 his
94 472 144 545 qui
159 470 283 526 credunt
293 470 323 525 in
333 469 452 525 nornine
462 471 527 539 ejus
542 484 549 523 :
563 466 612 537 qui
623 482 682 523 nou
693 467 857 540 exsangui·
912 469 986 526 riam
1002 470 1077 541 ejus,
1093 471 1214 544 gloriam
1226 477 1467 551 quasiUuigeniti
1477 497 1494 537 a
1506 483 1600 554 Putre,
1614 483 1736 557 plenum

23 562 131 628 nibus,
148 576 242 631 neque
256 575 291 615 ex
305 559 454 615 voluntate
464 557 573 625 cernis,
598 570 694 629 neque
708 573 743 612 ex
758 555 858 613 volun·
912 560 1013 632 gratis
1028 566 1057 617 et
1070 562 1211 620 ueritatis.
1228 565 1373 623 Msursrns.
1390 569 1499 627 --lieo
1513 572 1635 643 gratias.

23 649 355 720 tateviri,sedexDeo
376 648 437 703 nuti
466 651 546 702 sunt.
563 644 602 702 lis
634 645 757 702 Vesanus
787 663 857 703 cano

29 809 1739 842 *m

242 962 347 1096 ne
394 957 657 1096 sauna
701 961 1043 1097 suranus
1087 932 1525 1108 sustento.

734 1226 890 1314 Ltuttt
932 1224 1053 1319 SEX.

666 1582 1122 1700 PROLOGUS.

73 1833 232 1902 Trissunt,
250 1836 278 1891 in
294 1835 402 1908 quihus
419 1831 564 1906 precipue
578 1830 679 1888 divina
701 1830 749 1887 lex
771 1827 864 1887 cansi-
879 1830 904 1897 Β
918 1829 996 1888 oium
1011 1834 1146 1893 consistit
1156 1837 1186 1894 in
1197 1842 1335 1910 quatuor,
1350 1841 1463 1899 scilicet
1473 1843 1503 1899 in
1514 1845 1660 1916 personis,
1674 1860 1743 1918 ape·

39 1923 441 1998 stit:mandata,ps0mtssa
462 1927 491 1980 et
514 1925 708 1979 sacramenta.
725 1921 757 1976 ln
779 1934 866 1975 man·
915 1920 1277 1992 ribus,verhisstrehus.
1304 1930 1375 1988 'lres
1400 1936 1499 1989 autem
1532 1938 1603 1990 sunt
1625 1935 1744 1994 ordines

38 2012 171 2068 datisest
186 2015 336 2082 meritum,
352 2013 383 2069 in
400 2011 554 2087 promissis
569 2016 614 2068 est
638 2009 803 2083 premium,
834 2006 865 2061 in
917 2026 1110 2083 personarum
1127 2032 1134 2071 ε
1150 2016 1341 2091 celebrantes,
1360 2020 1566 2080 ministrantes
1580 2027 1610 2080 et
1621 2024 1749 2082 circum·

37 2102 237 2160 sacramentis
247 2108 293 2161 est
311 2103 502 2175 adiutorium.
515 2101 714 2159 Sacrameutis
737 2098 817 2157 euim
829 2096 864 2152 ad
917 2104 1041 2160 etentes.
1057 2103 1128 2162 Tres
1143 2122 1265 2179 operum
1282 2109 1406 2182 species,
1417 2110 1650 2185 scilicetgestus,
1662 2118 1749 2173 sutus

37 2187 864 2266 utrumquejuvamur,etadexsequendummandatum
918 2193 1749 2268 etmotus.Tresdiversitatesuerborum,videliuetars·
1867 2186 1870 2191 ¹

39 2283 69 2335 et
81 2281 118 2335 ad
132 2266 326 2338 obtinendum
343 2282 534 2355 promissum.
547 2279 656 2337 Verum
677 2279 754 2335 inter
768 2275 867 2333 amnia
919 2277 1025 2349 tiones,
1041 2283 1259 2342 modulationes
1276 2295 1305 2344 et
1319 2287 1470 2346 lectiones.
1489 2290 1668 2348 l'resrerum
1685 2307 1748 2349 ma·

39 2375 226 2427 escmmenta
240 2369 517 2428 illudconetutesse
540 2370 722 2443 precipuum
743 2366 821 2439 quod
836 2365 866 2421 in
918 2358 1008 2425 *eries
1033 2371 1082 2442 [ci.
1109 2375 1276 2448 maneries]‚
1302 2375 1414 2434 scilicet
1445 2384 1628 2450 ornamenta,
1652 2380 1750 2440 intru-

40 2458 138 2515 olitcia
154 2459 252 2517 missas
270 2477 362 2534 supra
386 2476 518 2518 mensam
547 2458 649 2517 ulteris
668 2455 869 2516 sacratissime
921 2463 1020 2514 menta
1033 2464 1062 2515 et
1076 2459 1232 2520 elementa.

39 2547 456 2608 celebratur21lludllaclesiae
468 2544 868 2622 repraesentansaonviuium,
957 2550 1023 2602 Hac
1037 2549 1138 2606 amnia
1152 2551 1260 2611 divinis
1275 2559 1346 2612 sunt
1358 2554 1443 2628 plena
1463 2558 1622 2630 mysteriis,
1637 2575 1671 2616 aa
1687 2560 1752 2618 sin·

41 2637 200 2710 inqaottto
210 2637 270 2697 tllio
280 2639 434 2697 reuertenti
444 2638 645 2712 pateraacidit
655 2635 780 2701 vitulum
791 2631 869 2704 eagi-
923 2634 992 2706 gula
1007 2635 1117 2694 caelesti
1132 2640 1289 2699 dulcedine
1304 2644 1522 2702 redundantia:
1538 2647 1563 2703 si
1575 2651 1672 2705 temen
1683 2648 1752 2706 dill-

43 2731 149 2783 untum
163 2728 240 2800 (luc.
256 2730 313 2803 xv),
328 2746 434 2803 panem
451 2729 516 2785 vitae
529 2743 696 2803 proponens
710 2725 803 2799 (laun.
819 2722 870 2794 vt),
923 2730 1041 2797 gentem
1057 2727 1185 2807 habeant
1200 2730 1407 2805 inspectorem,
1425 2734 1475 2807 qui
1487 2733 1566 2792 norit
1577 2751 1683 2810 sugere
1697 2738 1753 2795 mei

22 2820 73 2879 .et
88 2816 189 2873 viuum
204 2819 281 2889 quod
297 2818 416 2877 miscuit
431 2818 581 2893 ¹Sapientia
596 2819 690 2889 (Prae.
714 2818 763 2886 ts).
925 2816 962 2871 de
973 2819 1062 2887 petru,
1077 2818 1222 2891 oleumque
1236 2821 1269 2878 ds
1281 2838 1347 2879 saca
1365 2822 1515 2880 durissima
1540 2826 1630 2896 (licut.
1650 2827 1752 2898 xuni).

82 2911 143 2963 Hoc
158 2913 258 2965 autem
272 2909 409 2973 uitiatum,
421 2909 485 2982 ipse
498 2908 632 2965 Christus
647 2905 784 2972 instituit,
806 2916 872 2958 cum
926 2904 998 2970 Quis
1014 2910 1113 2963 nutem
1130 2910 1211 2966 novit
1224 2911 1357 2968 ordinem
1378 2912 1453 2984 cmii,
1469 2918 1498 2970 et
1520 2918 1608 2985 ponet
1623 2915 1753 2973 rationes

43 2994 873 3067 heredibuseuisnavumcondidittestamentum,dispa·
927 2994 991 3065 ejus
1007 2994 1198 3066 internuntiat
1225 3001 1573 3073 sanmathianum
1599 3010 1647 3070 est,
1670 3013 1699 3061 et
1724 3006 1755 3061 irs

43 3101 121 3143 nens
132 3088 176 3145 eis
190 3104 326 3161 regnum,
337 3089 415 3147 sieut
430 3094 516 3146 Peter
527 3087 662 3146 suussihi
675 3084 832 3159 disposuit,
842 3084 875 3136 ut
927 3099 980 3155 aua
995 3084 1129 3142 hauriam
1141 3105 1244 3162 cauum
1259 3107 1320 3147 nan
1336 3091 1429 3148 haheo
1444 3090 1533 3164 (laura.
1547 3092 1597 3166 tv),
1614 3092 1672 3149 uisi
1686 3110 1755 3167 por·

45 3191 137 3247 snper
152 3192 283 3234 mensam
299 3178 365 3250 ejus
380 3178 469 3235 edant
484 3182 512 3235 et
527 3177 632 3234 hihsnt
646 3175 676 3231 in
701 3189 790 3246 regno
808 3186 873 3239 suo,
889 3193 912 3265 G
931 3172 1007 3245 rigat
1024 3173 1071 3230 ille
1084 3178 1134 3247 qui
1157 3177 1205 3234 dut
1224 3181 1350 3237 amnibus
1370 3183 1520 3253 affluenter
1533 3195 1559 3238 ec
1575 3198 1634 3239 aaa
1648 3181 1756 3254 impra-

47 3264 127 3336 quad
148 3264 277 3322 llarlesia
297 3267 490 3326 consecravit.
520 3265 699 3324 cenantibus
719 3264 795 3320 euim
815 3261 875 3317 iltis
933 3265 1094 3336 peruttluc.
1112 3266 1142 3338 t),
1159 3273 1192 3324 ut
1207 3268 1283 3326 inter
1298 3271 1426 3327 medium
1444 3271 1588 3328 montium
1604 3276 1762 3330 transeun-

46 3356 154 3425 uarepit
166 3357 245 3413 lesus
257 3373 370 3430 purtem,
386 3363 414 3412 st
441 3361 546 3427 arctius
568 3370 664 3428 cuens,
688 3351 831 3410 benedixit
850 3365 883 3406 aa
934 3356 993 3408 tem
1009 3353 1095 3414 tPsct.
1110 3357 1171 3427 οιιι)
1187 3356 1321 3415 hauriam
1337 3375 1446 3432 squam
1457 3361 1486 3415 in
1500 3359 1611 3433 'gaudia
1624 3359 1658 3417 de
1668 3360 1758 3432 (auti-

46 3442 145 3517 treqit,
161 3443 288 3519 cautuae
301 3446 448 3518 discipulis
470 3446 539 3517 suis,
564 3444 688 3501 diceus:
716 3429 884 3514 Acciperet
936 3441 1146 3501 turdela-utaris
1164 3447 1233 3515 (lea.
1260 3448 1321 3518 xit).
1341 3447 1465 3504 Pulssus
1487 3465 1556 3521 ergo
1580 3448 1716 3521 pulsabo,
1731 3451 1758 3507 si

47 3533 206 3592 comedite:
222 3536 271 3592 tac
284 3540 323 3592 est
335 3551 434 3609 carpus
448 3552 551 3604 meum,
567 3534 638 3609 quad
657 3547 709 3606 pra
718 3532 794 3588 eatis
819 3539 886 3588 tra·
937 3532 1010 3587 torte
1025 3530 1115 3589 clavis
1131 3533 1218 3591 Dauid
1242 3536 1357 3609 aperire
1378 3535 1516 3611 dignetur
1539 3539 1630 3611 (Apac.
1656 3539 1710 3612 ιιι),
1726 3543 1761 3598 ut

57 3625 153 3680 detur.
185 3626 239 3683 llac
269 3625 353 3697 [acite
391 3629 421 3681 tu
454 3640 554 3693 ,mecm
600 3622 885 3681 commemorationem
936 3619 1384 3683 introducatmereeiucsllum
1405 3624 1548 3682 vinariam
1573 3626 1663 3697 (Cant.
1679 3628 1713 3700 1),
1727 3627 1759 3685 in

56 3713 135 3785 (luc.
149 3730 208 3770 xxti
223 3732 231 3782 ς
248 3716 339 3771 hatti.
356 3731 444 3778 xxvi:
459 3719 546 3771 Marc.
562 3714 634 3786 xiv).
937 3727 994 3782 qua
1014 3711 1086 3766 mihi
1110 3728 1273 3786 supernum
1293 3715 1477 3772 demonstret
1499 3715 1661 3789 exemplar,
1680 3716 1760 3791 quad

94 3802 153 3861 llac
164 3803 576 3877 igtturiustltutianetarmati
590 3805 743 3877 caeperunt
762 3796 885 3874 apastoli
938 3799 1030 3872 Moysi
1046 3800 1101 3856 tuit
1114 3801 1145 3858 in
1161 3807 1260 3861 monte
1274 3807 1473 3861 monstratum
1487 3804 1586 3878 (dead.
1596 3807 1673 3878 ιιι),
1684 3822 1761 3879 quu-

56 3902 276 3950 sacrasunatum
294 3893 467 3968 mysterium
482 3895 676 3968 frequentare,
696 3908 773 3962 eam,
798 3906 888 3963 quum
938 3892 1763 3957 tenuesserusanatumultarisattiaiumeaualeamrere·

57 3981 196 4040 Christus
211 3987 406 4056 expresserat,
421 3989 450 4040 et
464 3968 753 4041 tarmem'seruantes
776 3979 806 4035 in
823 3995 887 4036 rer·
938 3978 1017 4034 laute
1031 3978 1188 4051 disserere,
1201 3981 1253 4055 qui
1267 3980 1381 4053 linquas
1395 3982 1548 4054 infantium
1563 3967 1633 4041 isait
1643 4000 1709 4042 esse
1718 3982 1762 4040 di·

60 4071 117 4139 his,
132 4077 162 4130 et
175 4073 330 4130 materiem
346 4078 479 4131 tenentes
495 4074 524 4129 in
534 4073 633 4144 rebus,
643 4072 721 4128 sieut
732 4068 888 4141 Apostolus
937 4076 1023 4124 sertas
1037 4068 1113 4141 (Sap.
1128 4073 1158 4138 x>
1174 4070 1260 4142 utrjus
1272 4071 1390 4143 spiritus
1411 4070 1460 4128 uti
1482 4072 1542 4128 auli
1565 4072 1663 4145 spirat,
1688 4072 1763 4130 diui·

59 4161 221 4219 Gorinthiie
245 4167 447 4234 protestetur:
473 4164 538 4234 lica,
566 4161 672 4234 inquit¹
698 4159 820 4231 accepia
836 4160 888 4215 lta-
939 4158 1135 4230 incatenate
1151 4167 1234 4232 prout
1255 4160 1314 4216 uuit
1337 4161 1427 4229 (lacu.
1455 4176 1506 4229 ιιι;
1531 4161 1545 4216 l
1558 4160 1620 4216 Car.
1645 4161 1763 4233 111),ud

58 4253 147 4321 mirra,
161 4251 233 4326 quad
246 4259 274 4309 et
282 4252 395 4311 tradidi
408 4253 485 4311 eatis
500 4253 654 4324 :quautam
669 4250 801 4305 Dominus
811 4249 889 4305 iesus
940 4247 1056 4303 laudem
1072 4251 1102 4305 et
1115 4247 1239 4320 gloriam
1253 4248 1416 4320 Trinitatis,
1432 4250 1469 4305 ad
1486 4249 1650 4320 protectum
1665 4256 1695 4307 et
1706 4251 1765 4308 uti·

60 4343 92 4397 irs
106 4356 161 4413 auu
175 4347 255 4398 uacts
279 4342 450 4412 tradebatur,
475 4343 580 4414 accepit
597 4355 709 4412 ponent,
733 4341 760 4394 et
780 4340 890 4411 arctius
941 4335 1054 4391 litatem
1065 4336 1285 4409 legentium,ad
1296 4353 1430 4395 meorum
1440 4337 1555 4395 veniam
1566 4342 1595 4395 et
1608 4339 1765 4414 indulgen·

61 4448 157 4503 caess,
170 4432 255 4504 [repit
268 4435 296 4488 et
308 4430 382 4487 dicit
398 4430 533 4503 :Accipite
547 4434 575 4486 et
587 4428 770 4486 manducate:
780 4428 830 4485 hac
851 4433 890 4484 est
940 4427 1013 4482 tiam
1028 4431 1228 4498 peccatorum.

63 4536 163 4592 carpus
176 4536 279 4584 mm,
295 4520 368 4592 quad
382 4535 432 4592 pra
447 4518 523 4576 vohis
539 4518 666 4576 medetur
678 4518 702 4589 (l
716 4517 777 4573 Car.
789 4517 834 4589 tt).
903 4562 929 4632 D
977 4514 1310 4590 Siquidergodignum
1327 4515 1767 4592 inhaereperisturapusaula,

101 4608 219 4666 Primus
233 4623 303 4683 erga
314 4606 686 4681 heatusPetrusapustalus
698 4608 820 4663 missam
832 4610 888 4660 An·
947 4604 1050 4662 divina
1060 4606 1160 4679 gratia
1175 4607 1293 4679 penitus
1308 4606 1483 4665 ascribatur.
1499 4608 1769 4666 Namaumedctum

65 4700 180 4756 tiochia
195 4697 303 4756 dicitur
317 4698 492 4766 celebrasse,
507 4699 538 4754 in
553 4713 612 4771 que
627 4702 687 4753 tres
699 4701 815 4754 tentum
831 4713 893 4754 cre·
946 4694 1090 4767 optimum,
1105 4699 1132 4752 et
1145 4710 1226 4753 amue
1239 4695 1351 4754 demum
1367 4699 1530 4769 perlectum,
1554 4698 1699 4755 deeurmm
1719 4705 1768 4767 est,

67 4782 207 4875 ijo-neeis
217 4787 381 4869 primordia
392 4789 541 4845 nascentis
553 4787 688 4845 Ecclesiae
707 4787 891 4844 dicebantur.
946 4783 1109 4841 descenderes
1121 4801 1138 4841 a
1151 4786 1237 4842 Putre
1249 4785 1389 4842 luminum
1404 4787 1472 4858 (tua.
1496 4787 1528 4859 ι).
1543 4787 1573 4842 Si
1596 4787 1668 4860 quid
1692 4785 1770 4842 indi-

41 4894 50 4945 ι
67 4866 177 4935 Cisteru
190 4884 259 4935 veta
273 4878 398 4955 diversis
412 4876 595 4951 temporibus
609 4880 669 4933 eta
693 4874 818 4933 diversis
832 4891 894 4948 per·
947 4874 1278 4946 gnum,insulllaisntiae
1297 4877 1456 4948 deputetur
1469 4875 1699 4932 humane.Nem
1710 4891 1771 4931 car·

40 4952 57 5037 i!
68 4968 150 5026 suuis
164 4967 302 5039 leguntur
316 4952 439 5039 adjecti,
456 4954 545 5040 prout
557 4964 728 5022 christiane
743 4963 894 5038 religionis
947 4980 997 5036 pus
1013 4963 1086 5037 quad
1096 4968 1285 5036 corrumpitur
1295 4974 1433 5040 aggravat
1445 4968 1581 5033 niumm,
1592 4974 1620 5022 et
1641 4964 1772 5034 dmrimit

34 5050 56 5131 J,
67 5057 150 5115 cultu
160 5060 319 5128 crescente,
335 5057 399 5115 vise
411 5062 482 5114 sunt
494 5055 648 5119 decentius
656 5054 822 5131 convenire.
948 5059 1060 5112 terrena
1074 5056 1241 5112 tstctttarta
1254 5072 1367 5113 sessum
1380 5057 1619 5128 mulierositatem
1633 5055 1708 5128 (Sap.
1720 5056 1771 5123 rx).

47 5128 56 5167 ¹
104 5132 165 5206 H'ac
175 5146 254 5205 enim
268 5146 399 5205 cilicium
414 5152 474 5204 tam
489 5147 610 5222 prouida
622 5146 767 5218 reperitur
778 5145 895 5202 ordine·
949 5144 1197 5202 Consuetudinem
1213 5150 1312 5202 autem
1324 5145 1491 5218 apostolicae
1505 5143 1595 5210 sedis,
1617 5159 1675 5201 non
1691 5142 1773 5200 illam

70 5239 150 5298 tione
163 5255 228 5298 esse
244 5239 434 5312 dispositum,
451 5243 484 5295 ut
500 5256 564 5312 qua
579 5254 631 5312 per
645 5236 797 5293 Christum
812 5239 896 5310 geete
950 5250 1040 5306 quam
1056 5233 1124 5291 olim
1142 5234 1250 5309 legitur
1264 5235 1413 5303 hahuisse,
1430 5234 1480 5290 sed
1497 5250 1561 5290 eam
1580 5249 1670 5304 quem
1693 5248 1774 5290 nunc

69 5336 142 5387 sunt
155 5336 185 5387 et
196 5330 227 5386 in
242 5329 405 5396 Christum,
419 5345 453 5385 ex
468 5342 576 5400 magna
590 5331 674 5401 parte
688 5325 848 5392 eorrtinest,
862 5340 897 5381 ex
951 5323 1058 5380 hahere
1068 5324 1254 5396 dignoscitur
1273 5322 1508 5396 prosequendam
1532 5322 1684 5394 proposui,
1710 5338 1774 5394 quer

69 5435 130 5493 qua
143 5418 279 5477 christus
294 5419 330 5475 de
345 5416 418 5474 coeln
432 5415 593 5484 descendit,
605 5430 700 5488 usque
712 5415 784 5471 dum
793 5429 897 5471 aseen-
952 5411 1124 5486 disponente
1137 5414 1262 5471 Domina
1274 5416 1446 5470 ceterarum
1467 5410 1664 5469 llaalesisrum
1681 5416 1777 5471 mater

72 5509 116 5565 dit
131 5509 161 5566 in
175 5508 300 5577 coelum;
312 5512 342 5565 et
356 5523 391 5563 es
404 5511 465 5563 tam
482 5504 588 5576 verbis,
597 5520 687 5578 quam
699 5503 793 5579 signis
806 5501 899 5561 admi·
952 5505 999 5560 est
1012 5506 1042 5560 et
1056 5502 1208 5576 magistra

72 5588 900 5731 rehillquedumspeaierepresentutplpeumantemalll·
1347 5620 1383 5637 -
