3796 5986
158 192 213 251 83⁹
812 198 1019 255 runocuurn
1039 199 1078 255 111
1097 202 1210 257 rara.
1666 276 1676 287 1
1820 216 1861 273 g„

156 318 414 388 sanctificans,uon
431 322 528 375 autem
541 319 761 391 sanctificatus3
779 322 856 380 unde
868 341 874 379 :
886 323 981 380 Sunuci
996 325 1021 392 Α
1037 328 1119 378 extra
1134 325 1233 382 omnia
1248 343 1305 383 non
1330 328 1486 400 exclusus,
1503 333 1584 389 unde
1599 333 1762 407 reperitur
1779 335 1809 394 ic
1819 338 1861 397 lul

155 415 248 479 sucu,
262 410 328 481 quie
350 424 400 478 epe
421 413 532 465 sanctus
557 426 619 465 sum
644 409 778 467 Dominus
802 413 873 468 Deus
893 418 980 471 uestcr
1032 412 1103 483 (cup.
1119 420 1156 472 rut
1175 430 1182 470 ε
1198 416 1337 474 Excelsror
1352 420 1419 476 culo
1431 429 1479 489 cst,
1495 429 1524 478 el
1536 421 1609 496 quid
1621 425 1751 494 lescies?
1762 429 1861 498 W*

155 499 252 568 <unic
265 515 283 554 r
297 502 325 555 et
340 497 397 570 xa).
414 497 542 555 Sanctus
557 498 653 571 Pater,
670 500 784 557 dicente
798 501 871 557 Pilio
887 518 894 556 :
923 506 977 558 Pc-
1030 502 1093 557 dior
1107 501 1227 572 inferne,
1242 513 1270 562 cl
1284 507 1356 564 undo
1377 513 1540 580 semones!
1553 511 1675 582 tenuior·
1699 515 1784 571 terro
1802 533 1862 574 m

152 593 195 644 ter
208 587 360 644 sanctifica
374 603 417 644 eos
432 587 461 643 in
477 588 678 661 remistanum
691 589 796 646 dedisti
809 592 890 659 mihi,
907 591 978 664 quia
1030 604 1096 647 sura
1109 590 1179 663 ejus,
1204 601 1231 649 el
1255 594 1338 650 latim
1360 597 1443 653 muri.
1465 598 1540 665 Quia
1561 617 1637 658 voro
1664 605 1881 675 successorium,¹

151 681 183 735 tu
198 683 321 735 sanctos
337 693 369 734 cs
393 681 482 746 (loen.
499 676 579 749 xvn).
610 678 736 734 Sanctus
758 678 857 747 Pilius,
873 681 976 753 angelo
1030 683 1075 734 est
1090 680 1124 735 ad
1141 685 1282 738 uternam
1298 682 1660 753 salutem‚incurnstionis
1677 706 1861 767 quoquam).

150 772 331 841 protestante
348 788 354 818 ε
373 768 449 837 osred
471 777 606 824 noscetur
624 784 660 824 en
674 772 700 824 te
713 778 850 835 sunctum,
867 770 975 826 voculi-
1030 768 1152 825 starium
1168 770 1392 841 confiteri,recte
1407 776 1622 849 subjungitur:
1638 779 1815 839 Benedictus
1824 785 1863 858 qui

150 862 196 914 tur
219 858 310 914 Filius
334 857 384 914 liei
407 857 483 931 (luc.
500 875 509 912 r
524 874 531 926 ;
547 858 629 914 loun.
646 862 703 920 xx).
729 858 855 915 Sanctus
880 858 975 932 Spiri-
1030 861 1107 914 penu
1122 861 1152 915 in
1168 861 1279 917 „omina
1293 862 1413 919 pomini·
1431 866 1749 939 ceramussense„
1764 878 1863 932 nm

150 951 211 1016 tus,
226 945 341 1004 Christo
365 946 505 1003 dicente:
530 946 654 1017 Accipite
678 945 815 1020 Spiritum
836 950 973 1016 sunctum,
1030 946 1123 1004 Putris
1138 949 1194 1004 mci
1215 949 1304 1021 (loun.
1321 951 1357 1006 vl.
1383 951 1494 1011 Nomen
1518 955 1618 1013 Patris
1637 961 1693 1014 cst
1715 957 1863 1029 sillanus

149 1052 266 1108 quornm
281 1035 445 1092 remiseritis
460 1038 579 1106 peccatu.
595 1036 775 1091 remittuntur
799 1035 848 1092 eis.
862 1035 975 1092 Dicitur
1028 1053 1086 1109 quo
1101 1038 1173 1092 dicit
1188 1039 1353 1111 propheta:
1377 1043 1449 1099 Ecce
1464 1059 1563 1100 numen
1590 1046 1720 1104 Domini
1744 1052 1863 1110 mule

150 1130 248 1183 autem
260 1125 406 1181 Dominus
419 1114 494 1181 Deus
504 1123 673 1191 Sabaoth,irl
688 1124 885 1181 estDominns
896 1142 975 1182 exer·
1027 1126 1177 1198 lonqinquo
1191 1128 1268 1197 (leui.
1283 1130 1361 1200 xxx).
1377 1130 1508 1188 Hesunnc
1522 1135 1553 1188 in
1572 1136 1715 1193 eccelsia.
1734 1142 1864 1200 Bassam

149 1216 274 1283 situum,
289 1214 424 1272 videlicet
437 1212 608 1286 angelorum
625 1218 654 1268 et
668 1213 833 1281 hominum,
847 1231 973 1287 quorum
1026 1217 1148 1270 verbum
1161 1217 1315 1272 Hebraeus
1331 1223 1386 1288 est,
1402 1220 1479 1291 quod
1497 1223 1607 1294 signat,
1624 1225 1735 1296 Sulca,
1750 1229 1862 1301 obsecre,

57 1364 61 1371 Ι
148 1304 284 1363 affinius
298 1313 329 1361 ns
353 1312 503 1360 castrorum
527 1303 600 1358 ccicc
612 1307 655 1358 est
667 1303 801 1360 ordinatu
815 1305 895 1372 (Cant
920 1307 971 1366 xri.
1027 1304 1224 1374 compositum
1249 1307 1504 1379 exos1,qucdest
1526 1310 1617 1380 sunu,
1633 1316 1667 1369 ct
1692 1331 1779 1374 anua
1792 1319 1862 1390 quud

148 1396 203 1452 Tot
219 1394 296 1449 anim
314 1391 458 1448 exercitus
470 1391 558 1447 habet
573 1397 649 1448 Dens
664 1392 693 1446 iu
714 1397 800 1461 terra,
818 1397 890 1465 quot
904 1398 973 1449 sunt
1026 1398 1072 1448 est
1087 1393 1250 1464 interjectio
1273 1396 1476 1465 obsecrantis,
1491 1399 1546 1468 rel,
1570 1403 1618 1457 osi
1633 1405 1667 1458 ct
1693 1420 1780 1463 anna
1804 1409 1862 1465 dua

147 1483 266 1541 ordines
282 1483 310 1538 in
327 1481 475 1538 Ecclesia:
493 1486 535 1537 tot
547 1480 636 1537 habet
651 1482 678 1537 in
697 1481 788 1545 coelis,
805 1487 875 1554 quot
891 1483 972 1538 ordi·
1026 1486 1095 1539 sunt
1109 1481 1252 1539 dictiones
1267 1499 1320 1555 per
1334 1483 1450 1557 elipsim
1476 1488 1607 1560 prolatas.
1624 1491 1678 1547 uis
1705 1499 1810 1553 autem
1824 1496 1862 1553 di·

148 1589 200 1631 nes
216 1575 286 1629 suut
301 1573 331 1627 in
354 1570 477 1643 angelis.
494 1571 574 1626 Pleni
596 1574 662 1626 sunt
676 1570 739 1627 cccli
752 1577 778 1626 et
792 1578 868 1627 tarro
882 1571 973 1642 clorio
1026 1572 1103 1628 citur
1116 1572 1255 1641 Hosunnc,
1281 1579 1399 1645 propter
1422 1576 1497 1632 duas
1523 1583 1623 1650 partes
1648 1583 1783 1654 salutis,
1803 1602 1861 1659 qna

146 1668 206 1720 luc.
222 1660 345 1718 Numine
360 1661 498 1718 coelorum
514 1665 542 1716 et
557 1664 650 1727 terra,
674 1661 769 1732 angeli
785 1665 815 1716 st
836 1660 971 1718 homines
1025 1665 1095 1716 sunt
1119 1660 1195 1715 stola
1219 1662 1375 1717 montisel
1399 1665 1474 1720 stela
1498 1666 1607 1738 carnis,
1623 1671 1749 1741 quibua
1772 1675 1861 1732 sancti

146 1752 246 1809 divina
274 1749 352 1825 pleni
376 1750 471 1823 gratia
494 1749 685 1821 perhibentur
701 1766 707 1805 :
724 1749 766 1805 vel
781 1750 817 1805 ad
843 1748 970 1807 litteram
1027 1749 1231 1805 beatificantur
1254 1750 1284 1805 in
1311 1750 1415 1822 gloria.
1436 1752 1487 1810 Hie
1511 1756 1610 1813 laudis
1633 1761 1860 1821 versiculusir

146 1840 250 1898 oculum
267 1845 296 1895 et
309 1843 387 1896 terra
401 1837 494 1911 gloria
508 1837 607 1893 divina
622 1838 860 1911 replentur.quis
875 1840 970 1896 deitas
1025 1839 1139 1910 psalmo
1154 1840 1314 1895 centesimo
1329 1840 1442 1898 decimo
1457 1844 1582 1916 septimo
1599 1851 1771 1920 reperitur.
1783 1852 1860 1919 Quod

146 1931 195 2002 [cl.
212 1927 363 1998 divinitas]
379 1932 423 1983 ast
438 1927 644 1996 ubique.Unde
659 1927 817 1998 Propheta:
832 1927 866 1984 Si
874 1943 969 1984 oscen·
1025 1928 1102 1982 enim
1119 1927 1213 1982 turba
1239 1928 1374 1984 dixerunt
1391 1947 1398 1986 :
1415 1936 1559 2002 lloscnnu,
1583 1934 1641 1992 hoo
1656 1943 1712 1994 eat
1726 1941 1809 2011 qnod
1823 1941 1860 1997 ibi

145 2019 209 2077 dere
221 2020 253 2074 in
268 2017 365 2073 colum
378 2021 412 2070 tn
426 2015 487 2070 illic
501 2031 540 2078 cc,
554 2017 579 2071 ci
600 2015 761 2071 mscendcro
775 2016 810 2070 cd
825 2017 970 2087 infernum
1024 2015 1132 2071 dicitur
1146 2031 1154 2071 ε
1172 2016 1192 2072 0
1205 2017 1440 2087 vennunculam
1452 2037 1498 2078 me
1510 2026 1565 2093 loc,
1580 2031 1612 2081 ct
1625 2025 1751 2085 eisdam
1767 2030 1860 2087 verbis

143 2107 211 2164 odes
224 2107 308 2177 (Paul.
320 2105 465 2164 cnxrvur).
482 2104 575 2175 Super
589 2103 687 2159 omnia
703 2120 760 2159 non
776 2103 882 2170 elatus,
899 2106 971 2161 sub-
1024 2105 1216 2177 subJungitur
1231 2122 1238 2161 :
1254 2108 1417 2167 Benedictus
1431 2111 1480 2183 qni
1493 2112 1568 2169 uenit
1581 2115 1616 2169 in
1626 2116 1753 2175 nomine
1767 2122 1859 2177 mmi-

142 2201 188 2253 ter
202 2195 301 2253 omnia
316 2210 374 2250 nou
386 2192 812 2264 prostratus‚intraomuianon
823 2192 969 2260 inclusus,
1023 2196 1055 2249 ni
1068 2194 1162 2264 (loon.
1179 2211 1214 2266 ν).

1579 2394 1857 2415 m

746 2535 934 2630 LIBER
966 2534 1223 2634 TERTIUS
1297 2662 1312 2684 .

403 2773 522 2831 CAPUT
542 2769 698 2828 PRIMUM.
1019 2769 1163 2842 nodantur,
1178 2780 1205 2829 ct
1225 2789 1277 2831 uec
1297 2778 1409 2848 penitus
1423 2795 1478 2835 nen
1501 2780 1670 2839 cnducatur
1696 2784 1722 2858 (Ι
1739 2786 1806 2860 Peg.
1823 2788 1853 2860 rt,

324 2867 361 2922 Dc
376 2865 487 2921 silentio
499 2866 560 2935 post
572 2859 777 2933 praefationem.
980 2878 1003 2944 c
1022 2857 1093 2914 llam
1111 2861 1141 2916 in
1164 2861 1311 2921 Psalmis:
1329 2865 1415 2924 Picilc
1428 2870 1459 2924 in
1482 2869 1609 2928 cordibus
1633 2877 1749 2946 verbu,
1774 2882 1803 2934 el
1824 2879 1853 2935 iu

177 2957 243 3013 Post
257 2954 451 3012 acclamatum
468 2949 657 3023 praeconium,
670 2946 805 3020 sequitur
820 2947 964 3002 secretum
1021 2949 1157 3005 cubilibus
1180 2955 1276 3009 uestris
1299 2958 1519 3029 compungimini
1540 2961 1626 3033 (Paul.
1649 2965 1702 3023 ιν).
1728 2966 1853 3038 Spiritus

141 3043 304 3101 silentium.
325 3043 397 3100 Num
413 3046 445 3097 ut
460 3040 588 3097 ioannes
607 3035 791 3109 Evangelisla
815 3033 965 3101 describit,
1020 3040 1060 3093 cst
1081 3039 1163 3108 Deus,
1179 3045 1204 3095 el
1224 3057 1269 3097 eoa
1294 3046 1344 3115 qui
1366 3045 1481 3102 adornant
1504 3049 1534 3104 in
1556 3049 1658 3122 spiritu
1684 3055 1713 3109 et
1736 3056 1851 3112 ueritate

141 3133 283 3190 ubilesus
298 3131 456 3187 honorilice
466 3129 521 3184 luit
536 3131 670 3199 receptus
681 3142 698 3181 a
708 3123 967 3195 turbis,cumpsul·
1019 3131 1123 3195 oportet
1137 3126 1254 3183 odorare
1269 3130 1361 3200 (loun.
1378 3133 1426 3204 ιν).
1444 3133 1485 3191 Ne
1500 3149 1566 3192 vern
1580 3153 1686 3196 mnscae
1701 3140 1851 3199 mmm

139 3224 198 3280 mis
214 3226 244 3278 et
259 3221 410 3288 laudibus,
435 3217 504 3274 subiit
519 3223 542 3273 et
567 3216 707 3272 abscondit
730 3230 758 3270 ce
773 3214 806 3270 eb
819 3214 860 3269 eis
873 3213 963 3288 (loun.
1018 3214 1133 3284 perdant
1143 3219 1308 3273 suauitatem
1323 3223 1461 3290 unquenti
1473 3224 1570 3294 (lisele.
1586 3225 1635 3297 rr),
1652 3226 1776 3286 flabello
1791 3232 1847 3304 spi·

135 3325 196 3380 ιιι),
213 3328 271 3369 uon
288 3310 388 3383 utique
404 3305 578 3381 trepidantis
595 3304 763 3370 formidine,
775 3302 826 3360 aed
842 3301 962 3376 dispen·
1019 3303 1093 3359 ritns
1109 3305 1274 3379 abiguntur.
1291 3310 1440 3374 Quatenus
1456 3318 1556 3369 auster
1570 3315 1735 3375 adveniens
1746 3320 1848 3391 perdat

137 3401 231 3460 santis
246 3398 426 3472 allicio,quia
441 3396 572 3454 nondum
588 3398 705 3452 venerat
719 3393 792 3450 hora
805 3393 880 3464 ejus,
897 3408 961 3463 quae
1017 3391 1146 3461 hortum,
1164 3399 1196 3451 ut
1220 3403 1350 3454 aromata
1365 3398 1459 3457 fluant
1484 3401 1573 3473 (Cant.
1590 3404 1641 3474 rv),
1662 3405 1722 3464 hoc
1738 3414 1796 3479 est,
1812 3426 1845 3466 ue

135 3498 294 3565 postquam
310 3488 621 3561 advenit,spontsueua
636 3484 671 3540 ad
683 3483 850 3558 passionem
867 3498 960 3538 acces·
1015 3481 1842 3567 importunecogilationestollautdevotionemorationis,

133 3582 184 3639 sit.
196 3581 314 3653 Suspice,
327 3578 431 3651 iuquit,
444 3593 549 3645 comus,
566 3590 624 3632 cccc
637 3575 841 3648 appropinquet
855 3573 904 3644 qui
919 3587 969 3645 mc*
1015 3571 1205 3645 inspiratione
1221 3577 1321 3649 gratim
1337 3576 1525 3650 repellantur.
1542 3582 1694 3645 Quatenus
1715 3586 1841 3659 Spiritus

132 3673 226 3728 trudet
243 3670 408 3743 (llultlcnx),
421 3667 538 3724 oblutus
553 3670 598 3723 est
612 3665 690 3722 enim
706 3663 776 3736 quia
792 3663 853 3734 ipse
869 3660 960 3718 voluit
1012 3669 1134 3719 sanctus
1159 3665 1298 3721 accedens
1329 3671 1456 3724 mentem
1480 3669 1626 3743 fecundet,
1650 3676 1684 3729 nt
1712 3675 1838 3732 virtutm

132 3759 198 3832 (loo.
215 3775 294 3827 uum
312 3758 388 3813 unde
412 3773 480 3815 cum
496 3756 599 3811 cohors
615 3758 644 3809 et
666 3751 794 3807 ministri
808 3750 960 3806 venissent
1012 3751 1171 3808 abundent.
1188 3753 1332 3810 Ceterum
1348 3773 1384 3813 ue
1409 3764 1597 3816 sacrosancta
1610 3762 1701 3819 verba
1716 3763 1838 3822 vilesce-

131 3864 194 3903 cum
209 3846 325 3903 interme
339 3850 365 3901 et
378 3845 664 3917 [ccihnselcrminut
678 3839 959 3913 comprehenderent
1011 3843 1085 3909 rent,
1102 3841 1172 3897 dnm
1189 3858 1293 3899 omnes
1308 3861 1380 3914 pene
1396 3862 1448 3918 per
1469 3864 1554 3904 usum
1570 3849 1635 3920 ipsa
1650 3851 1793 3924 scientes,
1807 3854 1835 3910 in

132 3936 227 4006 illum,
244 3938 335 3992 sciens
357 3936 434 3992 lesus
449 3934 542 3989 onznia
567 3945 630 4005 quse
644 3933 758 3986 venturu
781 3936 861 3985 erunt
875 3943 958 4000 super
1010 3929 1115 4001 plateis
1131 3935 1159 3986 et
1182 3930 1264 3999 vicis,
1281 3931 1406 4006 aliisque
1420 3934 1492 3993 loris
1508 3935 1679 4011 incongruis
1696 3941 1837 4000 decanta-

129 4047 204 4099 eum,
217 4029 348 4102 precessit
364 4037 389 4084 et
404 4026 533 4082 licitene
548 4041 557 4078 :
573 4024 658 4091 Quem
678 4020 822 4095 queritis?
836 4025 955 4091 Respon-
1009 4023 1084 4086 rent,
1101 4019 1227 4076 decrevit
1251 4020 1390 4093 Ecclesia,
1407 4028 1439 4080 ut
1453 4025 1515 4081 baec
1530 4027 1692 4086 obsecratio
1708 4046 1776 4104 quas
1791 4048 1836 4089 se·

129 4119 229 4176 derunt
253 4119 280 4176 ci
296 4137 303 4176 :
317 4125 414 4178 lesum
437 4117 623 4172 Nancrcnum.
648 4110 781 4168 Dicit'eis
798 4127 805 4166 :
821 4110 872 4182 Ego
893 4126 955 4165 sum
1009 4111 1087 4163 creta
1102 4113 1248 4178 censetur,
1266 4112 1447 4169 ssacerdcte
1471 4118 1581 4172 secrete
1604 4115 1734 4193 dicatur,
1757 4121 1835 4179 nadc

129 4209 219 4281 (leun.
235 4210 326 4280 xviri).
343 4206 418 4264 illud
436 4221 504 4278 ergo
519 4201 676 4259 latibulum
702 4198 810 4257 Christi
831 4199 886 4256 hoc
909 4216 952 4255 se·
967 4242 992 4309 D
1008 4198 1189 4271 lertrir,quod
1206 4215 1269 4256 cum
1282 4205 1348 4255 ante
1359 4203 1603 4262 consuetudinem
1619 4221 1685 4279 quaa
1701 4215 1833 4283 postmo-

127 4304 241 4355 cretum
256 4297 407 4354 silentium
425 4291 657 4366 representatis
674 4306 731 4362 quo
746 4293 879 4347 cessante
894 4305 954 4346 ver·
1008 4286 1078 4342 dum
1103 4287 1233 4356 inolevit,
1251 4289 1371 4361 quidam
1398 4296 1530 4363 pastores
1544 4308 1578 4352 ss
1596 4295 1790 4357 decantarent
1804 4300 1833 4357 iu

127 4386 233 4443 bornus
257 4385 400 4452 tumultu,
420 4383 483 4440 sula
508 4380 646 4455 dirigitur
661 4381 697 4437 sd
724 4384 815 4436 Deum
841 4378 954 4435 intenta
1007 4392 1089 4449 agro,
1105 4376 1249 4435 divinitus
1263 4381 1333 4434 sunt
1347 4381 1491 4452 percussi.

126 4475 253 4532 devotio.
1327 4467 1443 4526 CAPUT
1464 4472 1504 4530 ll.

162 4562 245 4620 'l'unu
259 4563 338 4620 enim
355 4561 492 4619 sacerdos
509 4559 593 4617 debet
608 4557 718 4614 intrare
734 4557 764 4613 in
784 4554 950 4613 cubiculum
1091 4556 1129 4611 Dc
1143 4554 1186 4611 nis
1199 4572 1313 4628 quorum
1327 4561 1462 4616 memorio
1475 4560 1576 4618 colitur
1589 4561 1620 4619 in
1634 4563 1755 4626 senem

127 4651 235 4723 cordis,
251 4658 280 4709 at
296 4651 371 4709 ostio
386 4667 527 4708 sensuum
541 4647 711 4716 intercluso,
729 4645 819 4702 Deum
836 4644 951 4701 Patrem
1015 4690 1019 4697 .
1043 4645 1074 4700 lu
1090 4649 1205 4701 Secreta
1219 4645 1356 4702 recolitur
1372 4650 1515 4706 memoria
1531 4651 1834 4723 passionis,videlicat

127 4758 223 4809 orare,
239 4758 295 4799 neu
321 4739 517 4813 multiloquio,
534 4738 611 4795 sicut
632 4735 742 4793 ethuici
761 4735 883 4801 iaciunt,
901 4733 951 4806 qni
1006 4749 1106 4789 eorum
1123 4740 1283 4808 quaegesta
1298 4740 1434 4810 suntper
1453 4737 1668 4798 hebdomadam
1691 4749 1764 4804 ante
1777 4747 1832 4806 Pa·

128 4836 236 4905 putant
253 4828 442 4902 multiloquio
457 4827 587 4884 exaudiri
602 4824 813 4899 (llultn.vr),sed
830 4825 858 4879 in
873 4822 952 4879 corde
1006 4821 1147 4889 schalam,
1163 4824 1305 4880 adecima
1320 4824 1391 4882 luna
1406 4827 1493 4899 primi
1507 4829 1629 4899 mensis,
1645 4835 1770 4906 quando
1784 4836 1833 4895 Je-

123 4938 195 4994 pure
209 4926 235 4978 cl
249 4920 416 4978 conscientia
442 4921 522 4985 bonu,
539 4921 565 4973 et
579 4917 632 4988 fide
653 4932 708 4971 non
723 4915 786 4986 ficto
803 4913 826 4985 (l
843 4912 902 4968 t'or.
919 4921 949 4981 ι).
1006 4927 1057 4967 sus
1073 4910 1144 4968 adiit
1158 4911 1400 4987 Hierosolymam,
1417 4918 1561 4988 usquead
1578 4919 1738 4992 septimam
1754 4925 1832 4983 dcci·

126 5011 204 5068 Deus
219 5010 298 5067 enim
315 5026 372 5067 nun
389 5012 434 5066 est
449 5005 603 5063 exauditor
618 5003 696 5061 vocis
712 5003 761 5060 aad
779 5001 886 5071 cordis,
899 5016 951 5057 nec
1007 5016 1085 5056 mam
1102 5002 1219 5072 quando
1244 5003 1402 5059 resurrexit
1417 5021 1434 5059 a
1449 5006 1587 5065 mortuis.
1603 5007 1727 5083 Propter
1753 5015 1831 5088 qnod

123 5106 170 5156 cst
188 5100 392 5158 admonendus
408 5093 779 5166 clamoribus,quisrenum
792 5099 830 5147 est
845 5100 952 5146 scrutu-
1007 5089 1082 5145 inter
1097 5089 1296 5160 prelationem
1313 5094 1341 5146 et
1355 5105 1496 5149 canonem
1511 5093 1542 5150 iu
1566 5095 1715 5171 plerisque
1732 5118 1832 5162 sacn-

122 5196 167 5247 tur
181 5200 206 5247 ct
222 5189 352 5247 cordium
366 5190 475 5260 (lesem.
491 5187 572 5257 svn).
590 5184 669 5252 Quod
687 5187 772 5237 anua
787 5188 886 5253 typum
904 5195 950 5252 ge·
1006 5177 1160 5234 montariis
1174 5175 1270 5247 imago
1285 5177 1392 5234 Christi
1408 5180 1586 5257 depingitur,
1602 5190 1635 5242 ut
1655 5203 1714 5245 nou
1731 5190 1831 5250 solnm

123 5296 191 5334 rens
205 5277 460 5352 Ecclesioelegitur
474 5276 722 5341 observansque
738 5286 795 5324 non
812 5267 951 5341 petitione
1005 5264 1171 5321 intellectus
1195 5265 1308 5332 littera,
1323 5284 1425 5325 verum
1441 5271 1530 5329 eliam
1554 5279 1691 5347 aspectus
1706 5278 1832 5351 picturis

122 5365 318 5434 clamosa,sed
335 5369 422 5427 tacita
436 5364 588 5423 devotione
604 5358 771 5432 impetravit
782 5374 844 5430 quse
856 5357 948 5430 petiit.
1006 5352 1176 5412 memoriam
1190 5352 1351 5412 Dominicae
1361 5358 1690 5434 passienisinspiretdlt
1700 5366 1777 5426 lorte
1787 5370 1831 5427 di·

123 5453 275 5528 Scriptum
291 5460 336 5513 est
351 5456 429 5512 enim
446 5454 475 5510 in
492 5451 567 5507 libro
583 5450 706 5522 Regum,
721 5446 800 5520 quod
816 5447 894 5502 lana
909 5448 949 5504 lo·
1004 5442 1072 5499 vina
1088 5443 1196 5499 lactum
1212 5447 1258 5499 est
1273 5445 1464 5516 procidentia,
1480 5447 1548 5506 licet
1568 5450 1700 5510 bumana
1715 5472 1777 5515 non
1792 5459 1832 5516 ait

121 5545 257 5619 quelctur
272 5562 302 5602 sn
315 5545 396 5601 corde
409 5547 633 5615 communemque
647 5536 722 5595 lubia
737 5535 816 5594 illius
828 5551 950 5595 commc-
1005 5530 1153 5591 industria
1167 5538 1405 5607 procuratum,ut
1419 5534 1457 5594 ah
1470 5552 1506 5597 ca
1518 5536 1618 5599 littera
1632 5540 1656 5599 'l'
1669 5556 1768 5605 mou
1781 5546 1830 5606 ln·
