3796 5986
113 211 186 270 11⁴3
254 162 258 167 Δ
600 201 809 261 INNOCBNTII
827 205 866 258 111
886 203 989 259 PAPAE
1007 201 1198 264 opuscula
1215 206 1338 267 eunte.
1776 205 1821 264 llll

95 386 97 391 ,
116 352 169 414 per
182 333 323 399 comedat,
348 330 404 388 uisi
428 332 548 404 propter
575 325 718 401 hospites,
733 325 777 383 rel
805 325 878 383 alias
907 342 942 383 ex
956 331 985 398 Α
1103 333 1170 389 cir.
1187 332 1289 391 XXXI.
1306 362 1340 376 ·—
1354 332 1392 391 lie
1405 332 1496 407 ponis
1507 328 1749 408 fornicantium.

119 428 242 484 h⁰⁰⁰⁸i⁸
255 439 344 480 ⁰⁸⁰³³
359 437 410 477 ⁵⁸¹¹
427 417 593 475 ⁰⁰⁰⁰⁵⁸³ll⁸
609 420 770 473 limium·
1037 436 1065 490 Si
1079 438 1147 510 quis
1160 439 1299 508 fratrum,
1312 438 1356 497 vel
1372 438 1397 497 si
1413 455 1472 512 que
1486 454 1579 496 soror
1598 436 1825 511 deprehendetur

192 513 260 569 ⁰³⁹·
276 510 377 567 XXW·
388 540 422 551 ““
434 513 473 564 ⁰⁶
484 507 617 564 mmm
626 506 769 577 maim·
1003 522 1033 580 in
1049 525 1251 598 fornicatione,
1275 528 1409 586 volumus
1421 527 1520 603 ipsum
1551 525 1678 585 includi
1697 525 1728 582 iu
1754 543 1825 587 esre·

157 602 265 660 Electio
279 616 346 657 vero
361 600 425 672 ejus
439 596 517 653 inlra
540 610 674 652 mensem
700 598 764 666 post
794 595 949 652 decessum
1004 627 1077 684 fem,
1089 620 1119 672 ,g
1135 633 1185 689 pe,
1199 634 1309 674 annum
1323 617 1365 676 ibi
1381 618 1502 686 habite„
1518 616 1610 675 omni
1622 617 1784 676 nemim
1795 635 1826 676 ω,

122 692 244 753 ulterius
260 707 310 764 per
325 703 482 746 commune
498 686 620 741 fratrum
637 682 796 740 consilium
822 685 950 741 celebre·
1006 706 1537 777 m0t3‚epv5usuasitmimam
1563 706 1648 764 seria
1668 706 1703 764 in
1733 713 1827 781 pm

122 788 182 853 tur,
194 780 384 852 necaligatur
398 774 561 833 seeundum
578 772 752 845 dignitatem
769 772 879 873 gentis,
900 773 951 829 sed
1007 794 1571 869 ,qums-unet,otpertotummum
1589 813 1656 855 m
1690 802 1829 870 pram

124 869 288 930 seeundum
304 868 368 924 rite
385 865 566 935 meritum,et
578 861 729 934 sapientia
740 862 915 919 doctrinam.
1008 897 1111 939 cam„
1127 884 1316 951 manducare,
1333 900 1385 941 noc
1396 883 1498 941 vinum
1514 889 1650 959 potam
1669 887 1705 941 οι
1716 888 1829 958 ΝΜ,

278 974 347 1031 Gar.
363 970 445 1028 XXV.
459 1001 493 1011 -
509 970 545 1025 be
560 968 672 1024 silentio
687 982 803 1024 mersa.
1009 985 1092 1038 num,
1108 970 1133 1026 si
1149 970 1284 1028 inventus
1300 972 1388 1029 tuerit
1413 971 1592 1047 easdgatus,
1608 975 1643 1030 et
1674 972 1767 1029 bonis
1789 990 1833 1030 no

164 1060 459 1126 admoneam,sieut
479 1058 519 1114 eit
542 1055 701 1129 Apostolus
730 1057 767 1127 (ll
784 1055 870 1113 Thess.
896 1055 954 1128 ιιι),
1009 1055 1092 1114 ribus
1105 1064 1238 1131 ornatus,
1252 1060 1416 1117 seeundum
1431 1059 1595 1117 arbitrium
1611 1060 1834 1134 praesidentisir

128 1155 232 1212 iratres
246 1167 353 1224 panem
363 1164 452 1207 suum
467 1163 534 1204 eum
545 1145 663 1203 silentio
679 1146 845 1215 comedent,
855 1144 956 1203 leutio·
1010 1150 1187 1204 conventum
1204 1164 1272 1205 oum
1287 1147 1400 1205 ceteris
1416 1148 1556 1207 iratribus
1567 1149 1691 1207 redeat.
1710 1150 1837 1208 ltelist'n

129 1259 197 1303 uem
212 1242 277 1300 sine
292 1239 423 1296 tumultu
439 1237 570 1303 audient,
587 1250 624 1290 ne
638 1233 706 1290 sole
723 1234 821 1290 leucae
835 1238 958 1292 sumant
1012 1235 1105 1309 prima
1120 1236 1182 1293 viee
1193 1254 1201 1306 ;
1213 1236 1276 1293 etsi
1287 1236 1416 1294 secunde
1440 1236 1710 1311 deprehendatur,
1719 1255 1773 1312 per
1780 1239 1838 1297 dua

129 1333 240 1403 eibum,
257 1329 309 1387 sed
324 1333 354 1385 et
368 1342 455 1384 eures
480 1326 614 1382 esurient
634 1323 757 1380 verbum
786 1322 849 1380 Dei.
876 1323 957 1389 Quod
1012 1342 1106 1383 anuos
1122 1326 1183 1396 det,
1200 1325 1278 1383 siout
1292 1324 1430 1400 superius
1445 1330 1490 1383 eet
1503 1325 1653 1386 relatum.
1671 1326 1711 1385 us
1726 1327 1755 1385 si
1768 1328 1840 1395 torte.
1861 1382 1866 1399 ,

131 1421 155 1479 ai
177 1417 377 1477 necessarium
406 1412 494 1472 luerit
523 1412 615 1485 loqui,
645 1411 694 1468 uni
722 1411 897 1468 servitorum
927 1411 958 1468 in
1013 1414 1331 1487 quodlleuaevertutl
1349 1410 1865 1475 telilsoinoreluerititerumde=

131 1526 202 1567 eure
216 1509 272 1565 sub
295 1503 411 1564 silentio
436 1501 524 1558 dicet.
549 1499 688 1574 Magister
716 1516 784 1558 vero
813 1501 918 1573 major,
934 1499 960 1557 si
1013 1503 1190 1580 prehensus,
1203 1506 1285 1564 omni
1299 1505 1359 1563 vite
1373 1521 1429 1563 sua
1443 1506 1557 1579 absque
1573 1506 1720 1566 remedio
1737 1507 1778 1565 ihi
1800 1506 1842 1565 h..

131 1597 256 1657 voluerit
270 1597 298 1652 in
315 1591 465 1651 ancienne
490 1590 623 1648 omnium
650 1605 701 1663 oro
719 1589 894 1647 necessitate
918 1588 960 1647 lo·
1014 1594 1187 1653 eisetuna
1202 1598 1285 1652 sexte
1300 1593 1377 1652 infre
1391 1598 1509 1653 oetam
1525 1593 1647 1655 Natalis
1672 1596 1796 1655 υοωιοι
1817 1597 1844 1653 ιι·

94 1658 99 1667 “
131 1687 181 1763 qui
196 1689 313 1762 potest:
336 1700 403 1741 cum
434 1679 610 1738 discretione
637 1686 735 1736 temen
763 1683 792 1736 et
821 1694 960 1737 mensura
975 1703 999 1772 B
1014 1684 1141 1742 centiam
1156 1683 1262 1742 babeat
1275 1684 1395 1743 bibendi
1409 1684 1512 1744 vinnm
1529 1726 1537 1743 .
1553 1688 1591 1743 ut
1610 1685 1639 1743 si
1668 1702 1751 1761 opus
1770 1686 1844 1744 luent

131 1778 187 1836 boo
208 1774 295 1833 iaciat
309 1778 338 1831 et
350 1777 417 1846 post
429 1768 656 1842 completorium
673 1784 731 1824 non
746 1767 855 1839 ,bibent
876 1772 905 1825 et
928 1769 958 1826 io
1014 1774 1092 1831 inira
1106 1773 1231 1830 Octavus
1245 1773 1364 1831 Pascha
1379 1771 1527 1832 similiter.
1543 1773 1574 1829 Si
1591 1773 1694 1831 etiam
1714 1774 1846 1832 festiviter

131 1865 215 1925 lectis
240 1863 394 1925 silentium
422 1861 551 1927 teneant,
568 1857 646 1915 sieut
659 1857 796 1931 superius
807 1856 958 1932 [seriptum
1009 1864 1148 1921 Omnium
1161 1867 1338 1921 sanctorum
1353 1863 1483 1921 evenerit
1496 1863 1526 1921 in
1543 1867 1630 1922 sexta
1660 1863 1754 1936 ieris,
1782 1880 1845 1939 qno.

134 1960 190 2014 est.
1010 1970 1076 2010 rum
1088 1951 1185 2025 vigilie
1200 1952 1389 2026 quintaierie
1404 1952 1572 2011 celebretur
1585 1955 1617 2010 ln
1631 1959 1845 2028 pensetsqus,

223 2042 290 2099 Get·
302 2038 401 2097 XXVI·
417 2067 451 2078 -·
468 2040 506 2092 ⁰0
520 2033 867 2093 torreciimclericortm·
1011 2041 1097 2098 liceat
1112 2041 1137 2098 ei
1154 2041 1196 2097 uti
1212 2039 1287 2097 cibis
1301 2040 1427 2098 conditis
1441 2039 1471 2096 in
1487 2041 1553 2115 ipea
1568 2040 1744 2100 securitate
1755 2062 1765 2113 ς
1776 2047 1804 2100 et
1815 2042 1848 2099 sit

167 2130 390 2190 (torrentiorem
405 2124 580 2182 clericorum
596 2128 625 2180 et
644 2121 817 2196 specialium
833 2123 959 2182 eliorum
1012 2130 1042 2188 in
1058 2130 1400 2204 potestetepreoeptorie
1413 2129 1620 2189 cumconsilio
1642 2132 1779 2205 capituli
1800 2131 1847 2190 eli.

29 2232 43 2251 ”
132 2224 168 2282 ad
184 2223 391 2297 preceptorem
403 2213 513 2270 laicum
526 2229 584 2269 nou
604 2212 759 2285 pertineat,
774 2213 825 2269 sed
842 2214 878 2270 ed
894 2230 959 2270 eer-
1010 2219 1165 2294 (guennesi
1182 2220 1547 2294 neeeseoruefigpoenm
1563 2219 1728 2296 miugm

132 2310 247 2370 dinelee
275 2306 411 2381 quibuse
434 2302 555 2359 domino
571 2317 647 2375 pape
662 2301 727 2374 ipse
749 2303 856 2359 domus
872 2303 962 2361 luerit
1013 2328 1076 2386 Cn·
1092 2327 1205 2386 xmp
1221 2358 1256 2372 ,,
1274 2328 1312 2385 0,
1325 2326 1465 2401 gam-g„
1479 2326 1706 2401 ommim,
1717 2333 1847 2403 epm,
1888 2350 1890 2355 .

133 2397 382 2460 recommendata.
410 2391 468 2466 Ipsi
497 2407 564 2448 vero
584 2389 749 2448 cardinales
778 2391 815 2447 ed
841 2394 961 2466 tempus
1261 2399 1589 2458 santionem-um,

133 2489 265 2567 quaudiu
280 2484 437 2551 voluerint,
453 2480 540 2538 alicui
556 2480 660 2538 clerico
671 2482 707 2536 de
724 2481 788 2555 ipse
803 2481 891 2539 domo
907 2500 961 2557 po·
1049 2504 1189 2563 gummi
1205 2505 1363 2564 ,pompm
1392 2505 1481 2564 fueri,
1499 2521 1566 2563 gum
1582 2505 1849 2581 Quorum&

133 2583 234 2639 ‘⁰³⁰⁰‘
249 2574 431 2634 ⁰⁰¹⁰mit²⁰r³
447 2569 524 2627 Vim
539 2587 621 2628 ⁸⁰⁸⁸·
1014 2594 1176 2653 clamorem
1192 2594 1331 2652 babuerit
1345 2599 1515 2670 preceptor,
1530 2594 1602 2654 telis
1617 2596 1663 2654 sit
1678 2613 1791 2671 perna:
1805 2602 1847 2655 Se·

134 2687 204 2748 Ger.
218 2683 334 2743 xxvn.
351 2711 385 2723 -
401 2681 438 2737 lle
452 2677 545 2751 oficio
559 2677 724 2734 clericorem
737 2685 764 2734 et
778 2677 962 2752 deprimite.
1015 2690 1093 2758 ptem
1107 2685 1212 2741 diebus
1223 2685 1350 2758 Jejunet,
1367 2689 1474 2759 quarte
1488 2689 1517 2743 et
1536 2688 1621 2743 muts
1635 2684 1720 2745 ieris
1734 2686 1767 2746 iu
1782 2702 1850 2762 psus

170 2773 287 2833 Prolati
305 2787 370 2830 vero
386 2768 485 2826 clerici
502 2768 529 2823 in
542 2766 658 2823 diurnis
673 2771 703 2824 et
721 2768 872 2824 nocturnis
898 2769 963 2825 olil-
1014 2781 1043 2831 et
1058 2791 1147 2848 aqua,
1163 2774 1362 2832 comedensin
1374 2783 1452 2833 iem
1464 2774 1529 2832 ,5120
1540 2780 1686 2834 mmm
1696 2782 1847 2835 mum

135 2867 191 2929 olis
213 2862 459 2925 consuetudinem
475 2860 612 2915 Romana
635 2856 723 2915 curiae
751 2860 918 2928 observent,
935 2865 965 2917 st
1015 2860 1073 2935 gio.
1092 2861 1125 2917 dt
1139 2861 1165 2916 si
1182 2862 1371 2934 percusserit,
1385 2862 1581 2937 quadraginta
1596 2863 1710 2923 diebus
1727 2867 1849 2924 wde-

134 2956 267 3033 primite
283 2951 436 3012 refectorio
453 2946 573 3005 insimul
593 2946 625 3003 in
642 2963 702 3003 una
718 2951 798 3020 parte
814 2953 882 3005 ente
906 2947 962 3005 lei·
1016 2954 1061 3007 eet
1075 2950 1105 3006 in
1122 2954 1211 3020 terra,
1236 2955 1265 3008 et
1279 2951 1305 3008 si
1332 2952 1506 3026 sanguinem
1537 2952 1690 3023 eliudsrit,
1717 2953 1849 3013 habiturn

135 3045 329 3112 consedeant,
346 3039 495 3114 prioritate
506 3037 582 3093 inter
593 3051 644 3092 eos
659 3051 810 3092 sacrorum
823 3036 959 3094 ordinum
976 3083 1000 3150 c
1019 3038 1157 3096 dimittet.
1167 3040 1196 3095 ei
1217 3056 1285 3099 vero
1308 3040 1463 3098 recesserit
1478 3058 1496 3098 a
1510 3040 1597 3099 domo
1612 3041 1682 3099 eine
1697 3042 1848 3102 voluntate

19 3123 21 3127 ¹
136 3134 300 3195 observate.
1018 3128 1205 3202 praeoptoris
1220 3129 1277 3200 sui,
1297 3129 1344 3186 oui
1373 3130 1551 3188 commissus
1573 3129 1674 3195 luent.
1698 3136 1731 3190 st
1749 3137 1846 3208 postea

210 3224 273 3281 Car.
287 3217 416 3278 llxl'lll.
435 3217 517 3273 -lle
536 3213 693 3271 conditione
717 3214 890 3272 clericorum.
1015 3233 1148 3274 reversus
1164 3216 1261 3289 luerit;
1278 3219 1475 3293 quodragints
1500 3218 1604 3277 diebus
1629 3221 1799 3280 mmdneet
1819 3222 1844 3280 in

174 3313 203 3370 Si
219 3311 337 3387 quando
354 3323 421 3365 vero
443 3303 600 3377 contigerit
627 3302 756 3376 aliquem
785 3304 821 3361 de
849 3303 963 3363 clericis
1013 3308 1094 3363 terra
1115 3306 1256 3379 jejunans
1284 3312 1391 3380 quarta
1405 3312 1436 3365 et
1462 3312 1544 3365 sexis
1562 3308 1635 3365 laria
1648 3308 1684 3366 in
1716 3315 1844 3385 penest

139 3397 478 3471 {retribuendaliquem
511 3393 601 3450 filiam
632 3393 785 3466 destinari,
814 3392 858 3450 vel
883 3394 963 3453 illius
1015 3396 1352 3470 equs.lltpertnntum
1367 3397 1509 3472 temporis
1534 3399 1761 3471 permanentia
1784 3398 1843 3459 loeo

136 3491 235 3553 elerici
249 3487 448 3548 commiserint
461 3484 538 3542 vices
553 3500 640 3540 sues:
656 3482 696 3539 ita
706 3489 816 3553 tamen,
828 3484 907 3556 quod
917 3501 963 3542 se·
1014 3489 1153 3545 extraneo
1163 3491 1307 3558 quantum
1323 3487 1395 3545 toris
1409 3488 1563 3545 exstiterit.

138 3582 269 3641 nundum
281 3583 410 3637 tenorem
425 3572 567 3649 privilegii
584 3571 695 3629 domini
708 3573 869 3630 innocentii
881 3591 963 3648 pepe
1081 3599 1149 3658 CM,
1165 3599 1289 3661 XXXIII·
1306 3633 1340 3646 -
1355 3605 1398 3661 03
1408 3602 1606 3662 munim
1626 3602 1778 3665 mm·

138 3671 228 3741 tertii,
244 3684 360 3740 semper
374 3666 404 3722 in
418 3665 483 3736 ipso
498 3660 636 3734 hospitali
653 3665 780 3734 quatuor
804 3663 839 3718 ed
863 3663 962 3720 minus

138 3761 199 3818 sint
214 3757 310 3816 clerici
325 3755 467 3827 Regulam
483 3751 618 3824 ejusdem
647 3749 801 3822 hospitalis
827 3751 961 3824 prolessi,

139 3848 191 3922 qui
207 3863 260 3922 pro
275 3845 403 3912 nobis,et
417 3840 680 3915 praedecessoribus
695 3839 816 3908 uostris,
836 3856 869 3897 eo
895 3858 962 3898 suc·

138 3935 306 3994 sessoribus
322 3933 444 3998 nostris,
465 3945 499 3986 eo
522 3929 663 3985 iratribus
691 3927 764 3984 vivis
793 3927 902 4001 pariter
930 3945 963 3987 se

140 4023 288 4082 damnetis
302 4019 468 4096 specialiter
481 4016 964 4090 obsecrantes,omnleepirituelie

137 4114 229 4173 libere
244 4112 462 4169 administrent.

220 4202 288 4259 Ger.
306 4199 406 4257 xxltt.
418 4198 501 4253 -lle
518 4197 687 4253 correctione
707 4195 881 4252 clericorum.

174 4291 277 4349 Clerici
302 4307 382 4359 vero,
397 4289 465 4345 siin
481 4288 527 4345 bis
557 4284 744 4358 deliquerlnt,
773 4302 824 4357 pro
854 4284 963 4359 quibus

1065 3708 1179 3766 Fratres
1193 3725 1260 3766 oum
1276 3710 1312 3766 ed
1330 3709 1493 3777 matutinas
1506 3711 1702 3782 surrexerint,
1718 3713 1787 3771 etin
1797 3729 1842 3771 eo·

1014 3796 1105 3854 elesie
1125 3796 1244 3867 luerint,
1259 3798 1421 3856 matutinae
1450 3803 1480 3857 et
1495 3799 1584 3858 bores
1607 3800 1709 3859 uate
1736 3803 1842 3875 Meris,

1015 3890 1128 3943 euntes
1142 3885 1241 3956 erecti,
1257 3886 1301 3944 vel
1317 3886 1400 3945 llexie
1412 3887 1538 3962 genibus
1564 3889 1703 3963 audiant,
1720 3893 1779 3950 nisi
1801 3893 1843 3950 in·

1014 3974 1141 4032 tirmiter
1156 3975 1333 4048 impedierit.
1354 3978 1398 4033 Ad
1414 3980 1577 4037 matutinas
1592 3978 1663 4053 diet,
1685 3989 1717 4040 et
1746 3981 1843 4053 lrorss,

1014 4063 1086 4120 dum
1103 4062 1207 4137 psalmi
1223 4062 1515 4135 dicuntur,leetiones'
1527 4065 1668 4140 leguntur
1679 4071 1713 4125 et
1723 4085 1842 4145 respon·

1015 4152 1095 4209 serie
1109 4157 1277 4223 cantentur,
1293 4152 1538 4224 lretressedeant‚
1553 4154 1605 4212 sed
1620 4172 1639 4212 e
1652 4154 1757 4216 Gloria
1770 4157 1843 4217 rete

991 4247 1135 4314 propter
1150 4242 1343 4300 reverentiam
1368 4241 1521 4302 Trinitatis
1546 4258 1578 4302 es
1600 4242 1728 4319 alerent,
1752 4252 1783 4305 st
1808 4247 1843 4305 sd

138 4380 205 4437 leioi
223 4381 365 4437 sedebunt
381 4378 411 4434 in
426 4382 505 4434 terre
521 4377 550 4432 in
578 4373 729 4431 refectorio
757 4373 820 4431 sine
845 4390 962 4449 mappa,
1016 4328 1108 4386 alme
1131 4333 1221 4403 ὕψη
1246 4329 1398 4389 mamm·
1423 4331 1546 4402 ΝΜ
1570 4332 1621 4407 ‘ini
1636 4333 1769 4394 mim
1787 4352 1844 4395 ΜΕ

139 4468 169 4524 in
186 4468 297 4525 honore
312 4467 425 4525 ordinis
439 4464 580 4522 clericalis
607 4464 635 4520 in
651 4468 730 4520 terre
755 4481 813 4519 non
829 4465 962 4537 sedeant,
977 4449 1002 4520 D
1017 4425 1109 4564 ἓξὲξ)
1125 4423 1222 4564 3⁸:52
1234 4417 1845 4586 ἓξὲὲζῗῖιῖξῃὶἶίἓτὲἱρέῑορξῄὲᾚ

1017 4597 1090 4653 tiuis
1104 4597 1161 4653 diei
1178 4596 1357 4667 similiter,et
1372 4615 1423 4668 pro
1439 4597 1505 4657 eliis
1519 4598 1846 4675 boriseingulisbests

1017 4685 1113 4741 Maria
1131 4685 1214 4742 l'ater
1226 4689 1326 4743 uostm
1338 4688 1356 4742 7
1368 4703 1375 4755 ;
1387 4691 1416 4744 et
1429 4703 1481 4759 pro
1492 4686 1552 4744 illis
1562 4685 1699 4748 similiter
1721 4691 1795 4761 diei,
1817 4696 1846 4751 st

138 4825 278 4898 penitere
292 4826 495 4894 debeant,uno
509 4822 660 4894 priventur
675 4821 795 4889 ferculo,
812 4825 840 4876 et
854 4821 885 4878 in
901 4821 964 4878 loco
1019 4791 1070 4848 pm
1083 4777 1213 4847 vespm
1227 4775 1255 4843 9'
1270 4779 1300 4832 οἱ
1315 4791 1367 4849 ΡΝ
1382 4775 1567 4848 desmm’
1582 4777 1845 4840 mummi·

139 4919 245 4979 ultimo
256 4915 386 4980 sedeant,
399 4911 586 4981 nedumpost
596 4909 729 4974 clericos,
740 4910 791 4967 sed
803 4909 964 4981 postlaieos
1020 4867 1074 4920 bus
1088 4869 1274 4936 ⁰⁰¹⁰p⁰m¹⁸’
1291 4869 1363 4922 wat
1378 4865 1432 4996 ¹33·
1444 4865 1529 4923 mr
1543 4871 1654 4924 'mm'

138 5010 244 5067 iratres
259 5023 340 5065 suos.
1018 4979 1320 5039 0³¹³·XXX1V·-Do
1343 4982 1482 5054 licenter
1508 4983 1582 5041 mols
1608 4998 1637 5043 ss
1665 4984 1845 5046 tanmem

332 5096 400 5151 cer.
417 5090 501 5148 XXX.
518 5119 552 5132 -
570 5094 608 5147 ne
625 5087 758 5159 capitato.
1055 5091 1156 5144 Frater
1170 5087 1194 5145 ei
1206 5104 1264 5145 non
1279 5089 1354 5146 bene
1368 5104 1400 5147 se
1414 5088 1539 5157 babens,
1555 5089 1581 5147 si
1595 5090 1633 5149 ab
1652 5089 1721 5150 allis
1747 5093 1847 5152 lrstrl·

173 5183 269 5243 semel
284 5185 314 5241 in
343 5180 530 5238 hebdomade
545 5179 580 5235 sd
611 5176 711 5233 minus
739 5176 891 5249 magister,
918 5177 965 5236 vel
1020 5176 1076 5233 bus
1091 5176 1137 5234 bis
1151 5181 1240 5249 etque
1254 5180 1299 5234 ter
1313 5184 1466 5252 correptus
1482 5182 1511 5237 et
1525 5179 1697 5239 admonitus
1712 5181 1848 5257 suscitet

138 5272 298 5348 qniloeum
315 5271 380 5342 ejus
396 5267 535 5332 tenuerit,
550 5282 618 5322 eum
635 5264 777 5321 iratribus
803 5265 963 5338 capitulum
1019 5264 1136 5323 diabolo
1152 5265 1323 5340 instigante,
1348 5284 1380 5325 se
1405 5268 1562 5326 emendare
1587 5267 1727 5342 noluerit,
1759 5272 1847 5331 nobis

139 5367 248 5420 terem.
269 5360 339 5417 Cum
357 5359 510 5416 sororibus
538 5371 605 5411 vero
633 5353 775 5426 magster
801 5352 965 5427 capitulum
1020 5355 1848 5429 mitteturpedeetereumcbertseoutinsntlsunmdsli.

137 5455 313 5510 teneetcum
330 5447 484 5504 acoemeto
494 5446 593 5511 fratre,
615 5448 726 5500 etcum
756 5442 872 5501 duobus
898 5442 964 5502 eliis
1018 5451 1097 5503 etum
1111 5449 1228 5504 :temen
1243 5445 1412 5518 procuratio
1427 5463 1494 5507 rere
1508 5447 1534 5506 ei
1549 5448 1723 5522 donetur,ut
1736 5451 1776 5511 sd
1791 5466 1847 5511 nos

141 5539 292 5600 patribus.
1019 5536 1117 5593 venire
1131 5534 1236 5609 pessit,
1250 5548 1379 5609 eumque
1393 5537 1586 5614 corrigemus.

140 4572 177 4613 ne
190 4573 225 4613 er
242 4557 290 4613 teli
306 4556 390 4630 quasi
408 4554 527 4630 publice
543 4552 713 4627 poenitentia
742 4569 831 4626 penes
859 4570 963 4627 graves

139 4647 276 4704 elbonoe
305 4647 523 4721 quodammodo
549 4643 718 4701 efficientur
746 4643 882 4713 infames,
911 4644 963 4701 sed

139 4734 301 4793 loeoilllns
325 4752 415 4809 paena
444 4732 570 4806 singulis
600 4733 716 4798 diebus,
731 4731 759 4787 in
788 4733 898 4804 quibua
921 4731 964 4790 sie
