3796 5986
35 234 39 241 ’
100 234 156 297 683
544 232 754 293 tuttocltltm
771 234 811 289 m
829 232 932 288 PAPAE
949 228 1141 287 munnae
1156 228 1369 289 comunes.
1762 232 1815 292 ull

96 362 202 420 timore
215 367 261 420 eet
270 361 425 433 justificari
437 378 497 419 non
508 359 616 434 poterit
625 357 722 430 (llccle.
733 355 797 427 rur)
809 373 816 424 ;
829 375 845 405 s
860 354 921 410 lor·
935 357 965 422 Α
980 356 1139 425 conspectu
1154 352 1326 426 angelornm
1341 351 1467 426 psallam
1479 351 1533 410 tibi
1546 352 1638 424 (Paul.
1676 359 1813 443 carrula

55 472 58 477 ·
96 451 187 508 tassia
197 450 332 507 iutravos
342 450 607 525 cognitationem
617 445 827 510 dicit:Duideet
841 443 918 516 quod
972 443 1001 498 Si
1016 458 1084 515 ergo
1100 442 1223 515 diligitis
1240 442 1345 507 Deum,
1361 458 1420 499 nou
1435 442 1508 499 estis
1523 441 1590 511 soli,
1603 444 1754 517 quonlam
1765 464 1809 505 ao·

97 539 311 597 diciturnobls:
328 535 759 611 Nolitetimere,puaittusqree?
777 534 919 590 Putabam
973 531 1087 588 bianum
1103 533 1186 588 adest
1199 531 1498 602 'l'rinitasindividua,
1509 531 1657 605 quonlam
1672 533 1812 595 multitu--

95 633 187 702 atego
202 629 280 702 quod
296 628 326 685 in
337 629 477 686 cordibus
488 627 593 684 vestris
607 624 679 683 talia
692 621 839 694 diceretis,
851 638 918 679 oum
973 621 1058 677 dines
1067 619 1238 690 angelorum
1248 622 1402 678 vobiscum
1415 621 1642 680 sunt.Neceatia
1650 640 1810 699 pauperes,

93 717 185 776 etiam
198 718 342 790 scriptum
357 718 397 775 sit
412 735 418 774 t
440 717 582 773 «Timete
596 715 689 771 Deum
704 729 807 770 omnes
824 710 919 768 sancti
974 708 1088 766 dicente
1103 709 1276 782 Scriptura:
1295 733 1309 762 a
1324 710 1386 768 Non
1401 712 1461 767 ridi
1473 712 1592 783 justum
1617 712 1810 785 derelictum,

93 807 171 882 ejus,
188 807 329 880 quoniam
341 807 445 880 iuopia
461 807 543 863 deest
556 804 729 861 timentibus
744 818 811 858 eum
827 802 917 870 (Prot.
974 813 1026 854 nec
1054 815 1155 854 semou
1183 802 1249 869 ejus
1263 815 1402 871 quarens
1419 818 1525 873 panem
1542 805 1633 875 (Paul.
1667 809 1782 874 mvl).
1799 826 1810 856 ι

91 898 204 969 auur).
223 918 289 946 ·-«
306 896 400 953 Deum
414 896 497 961 time,
512 899 542 951 et
556 892 696 950 mandata
711 890 919 961 ejusobeerva,
975 909 986 936 ι
1004 886 1114 944 Diuites
1125 894 1308 958 egueruntet
1319 888 1497 957 esurierunt,
1509 894 1700 966 inquirentes
1709 899 1808 950 autem

94 984 151 1042 hoo
165 990 210 1041 est
238 984 317 1041 euim
345 985 443 1041 omnis
471 984 560 1039 bomo
574 981 671 1052 (Beck.
687 981 748 1051 aul.
764 1000 777 1028 ι
807 976 919 1033 Distin·
972 974 1131 1032 Dominum
1143 993 1200 1033 ιοι
1212 976 1472 1035 minuenturomni
1483 981 1658 1056 bonolPaal.
1672 983 1803 1055 nacula

93 1073 201 1149 gueuffi
222 1077 301 1142 sunt,
319 1073 435 1141 iratres,
460 1072 567 1129 diversi
596 1072 729 1138 timores,
757 1067 917 1137 humanus,
972 1064 1055 1122 Unde
1079 1082 1146 1122 cum
1160 1065 1301 1122 Dominus
1327 1065 1651 1143 dixissetapostolista
1681 1072 1806 1140 Quando

92 1163 273 1231 mundanus,
290 1161 446 1230 naturalis,
463 1160 590 1229 servilis,
603 1158 725 1215 initialis
749 1159 778 1213 et
810 1153 916 1212 finalis.
972 1154 1040 1210 misl
1056 1172 1106 1211 vos
1121 1155 1185 1211 sine
1197 1154 1352 1213 sacculoet
1367 1163 1475 1229 perant
1486 1158 1712 1230 calceamentis,
1735 1177 1805 1218 num

91 1255 153 1309 Duo
168 1252 256 1325 primi
272 1257 343 1307 sunt
357 1252 439 1318 vitia,
455 1251 513 1307 duo
525 1249 621 1306 ultimi
631 1247 755 1303 virtutes
764 1249 845 1311 aunt,
861 1246 918 1301 duo
972 1241 1083 1314 aliquid
1113 1243 1208 1300 deluit
1235 1244 1339 1301 vobis?
1352 1248 1587 1319 Responderunt,
1615 1249 1696 1308 nibil
1723 1250 1802 1323 (dac.

92 1340 181 1397 medii
197 1345 267 1396 sunt
282 1356 335 1397 nec
349 1339 421 1395 vitia
435 1355 488 1395 neo
502 1337 637 1406 virtutes,
652 1340 807 1392 Eumaeus
831 1332 920 1389 timor
972 1333 1052 1399 nn).
1065 1333 1285 1404 ›rQuaeriteerqo
1295 1333 1419 1403 primum
1430 1349 1547 1406 requam
1556 1336 1606 1393 Dei
1619 1336 1802 1408 erraneum

92 1434 135 1485 est
146 1427 197 1484 illc
212 1444 271 1501 quo
285 1428 354 1500 quis
369 1445 386 1484 a
401 1429 477 1484 bono
493 1427 622 1484 declinat
636 1424 672 1481 ad
684 1423 807 1491 malum,
822 1426 854 1477 ut
872 1421 916 1475 vi·
969 1421 1027 1489 qus
1038 1428 1064 1476 st
1077 1420 1136 1479 lare
1155 1421 1250 1477 omnia
1263 1420 1433 1493 adjicientur
1446 1424 1543 1493 (colu.
1558 1442 1573 1476 ι
1602 1426 1704 1483 Nolite
1719 1424 1802 1483 solli·

92 1519 134 1573 tet
149 1516 313 1590 periculum
330 1516 501 1588 temporale,
517 1515 593 1572 sicul
609 1512 702 1570 Petris
716 1509 765 1582 qui
786 1526 823 1566 ne
838 1526 916 1566 mor·
969 1508 1021 1565 citi
1036 1524 1103 1567 ease
1115 1508 1258 1578 dicantes,
1269 1509 1341 1583 quid
1354 1510 1594 1571 mandrolbimua
1605 1517 1657 1570 aut
1668 1512 1744 1587 quid
1759 1513 1801 1569 bi·

90 1608 151 1662 tam
170 1605 342 1677 incurreret,
355 1605 446 1662 vitem
459 1603 585 1678 negavit,
595 1603 751 1659 immemor
761 1600 825 1673 ejus
836 1600 914 1673 quod
969 1598 1083 1667 bemus,
1101 1601 1153 1655 aut
1166 1599 1314 1672 quomodo
1329 1599 1493 1671 operiemur
1510 1600 1593 1659 three
1604 1602 1687 1659 enim
1701 1602 1800 1661 omnia

91 1693 225 1752 audierat
239 1711 257 1750 a
272 1694 433 1768 magistro:
451 1715 465 1745 n
481 1692 577 1750 Nolite
590 1692 694 1748 timere
708 1706 758 1747 eos
773 1689 824 1762 qui
839 1688 915 1746 occi·
931 1691 1071 1790 Bgentes
1086 1686 1262 1759 ioquiruut3
1277 1688 1335 1745 anit
1348 1687 1427 1745 enim
1442 1693 1529 1746 Pater
1542 1695 1642 1749 vester
1656 1690 1798 1763 caelestis,

91 1784 165 1841 dunt
179 1799 285 1856 corpus
302 1783 431 1840 animaru
447 1788 547 1840 autem
564 1798 620 1838 non
638 1783 762 1853 possunt
785 1778 917 1835 occidere
969 1774 1039 1848 quia
1053 1775 1100 1832 his
1111 1777 1250 1833 omnibus
1261 1775 1401 1851 indigetis
1411 1778 1514 1848 (Dottlr.
1529 1785 1582 1850 vr).
1598 1802 1614 1831 n
1628 1780 1798 1847 QuiaPater

91 1869 689 1944 (lietb.al.»llundanustimorestille,
718 1885 774 1939 quo
803 1867 871 1940 quis
900 1883 916 1924 e
967 1868 1021 1936 est,
1045 1864 1127 1934 vult;
1144 1864 1338 1938 quicoelestis
1362 1869 1623 1940 eet,poteat;acit
1644 1884 1795 1944 ergo,po·

89 1960 167 2018 bono
181 1958 310 2018 declinat
341 1962 377 2017 nd
400 1961 523 2032 malum,
545 1963 578 2016 ut
599 1960 671 2017 vitet
694 1956 915 2015 incommodum
965 1956 1034 2019 test,
1058 1957 1088 2010 et
1101 1952 1172 2010 vult.
1189 1956 1283 2021 Quare
1296 1954 1359 2012 sine
1372 1956 1556 2015 dubitatione
1575 1958 1701 2015 donabit
1716 1959 1793 2031 quod

45 2046 48 2051 ’
88 2047 260 2120 temporale,
276 2048 352 2107 sicut
370 2050 499 2106 Herodes
510 2049 559 2121 qui
575 2065 612 2105 na
622 2063 746 2122 regnum
757 2045 916 2112 amitteret,
965 2042 1048 2099 vobis
1060 2043 1195 2116 expediat
1206 2045 1240 2100 ad
1256 2043 1393 2102 sulutem.
1404 2044 1456 2102 llle
1470 2046 1581 2121 quippe
1597 2070 1609 2099 ι
1625 2048 1679 2104 dat
1692 2064 1791 2106 escam

89 2136 262 2194 innocentes
277 2137 500 2208 occidittbuttb.
516 2140 559 2207 11).
573 2160 587 2189 «
605 2136 667 2192 lllic
694 2134 851 2208 trepidavit
877 2133 915 2190 ti·
966 2131 1217 2203 pulliscorvorum
1228 2132 1432 2190 invocantibus
1443 2150 1510 2192 euru
1521 2135 1612 2209 (Part.
1623 2137 1743 2211 naam)
1757 2156 1794 2209 3«

93 2225 241 2283 moreubi
257 2231 394 2283 nouerat
414 2227 601 2296 timor(Psal.
629 2227 702 2294 ιιι).
726 2246 737 2276 ι
767 2222 915 2280 Naturalis
965 2219 1793 2295 debitcscamparoorvoasuosdabitvobiseacamma·

89 2311 181 2371 timor
194 2319 240 2371 est
255 2313 305 2371 illa
321 2331 380 2388 quo
393 2315 518 2388 quilibet
533 2320 621 2371 homo
634 2311 807 2371 naturaliter
817 2311 916 2368 horret
966 2310 1105 2367 uentibus
1115 2310 1145 2367 in
1154 2312 1279 2381 deserto,
1291 2310 1366 2368 albia
1379 2328 1430 2384 per
1441 2313 1553 2387 nigros,
1566 2314 1658 2387 justis
1666 2331 1797 2390 perpsa-

88 2418 216 2476 poenam,
233 2404 310 2460 sicut
321 2405 409 2460 etiam
427 2404 489 2477 ipse
504 2403 648 2474 Christus,
659 2405 696 2460 de
710 2419 769 2475 quo
795 2400 912 2474 laffl'tur,
965 2403 1088 2469 catores,
1104 2399 1314 2458 claustralibus
1330 2417 1381 2474 per
1396 2403 1561 2460 seculares.
1578 2407 1721 2462 Praeterea
1742 2420 1798 2462 cur

89 2492 169 2565 quod
183 2512 195 2543 r
211 2492 298 2566 erepit
311 2496 399 2550 lesus
413 2509 517 2566 pavere
528 2497 558 2549 ιι
571 2493 686 2562 tedere,
703 2489 871 2548 contristari
886 2494 915 2546 et
965 2489 1094 2546 timeatis
1105 2492 1295 2562 paucitatem,
1309 2507 1376 2547 curn
1386 2490 1547 2548 deserendo
1558 2493 1703 2550 seculum
1714 2494 1798 2569 luge·

87 2582 483 2656 moeetusesee(llurc.xrv).
500 2579 649 2638 »Servilia
678 2580 768 2636 timor
791 2583 836 2636 est
865 2576 914 2635 ille
964 2577 1029 2634 ritis
1040 2577 1796 2653 multitudinem?Gurtimeetispaupertntem,cum

2 2732 4 2739 ,
90 2685 149 2743 quo
164 2669 230 2742 quis
241 2688 301 2726 nou
317 2687 416 2729 amore
427 2670 552 2743 justitiae
567 2670 618 2727 sed
643 2669 801 2726 tormidine
816 2668 913 2741 'prena

91 2757 208 2815 cohibet
220 2758 331 2817 malum
342 2759 474 2816 animum
487 2775 605 2815 suumn
618 2763 735 2831 peccato
749 2761 797 2824 ;et
812 2758 847 2813 de
862 2755 913 2812 tali

9 2866 12 2875 ·
89 2846 195 2904 timore
206 2846 334 2919 legitur:
354 2848 481 2904 a'l'imor
496 2864 554 2904 non
570 2851 615 2903 est
630 2846 658 2902 in
679 2845 832 2916 charitate,
862 2845 913 2902 sed

87 2934 216 3008 periente
231 2935 692 2993 ebaritaslorasmittittimorem
707 2934 820 3005 (lloun.
836 2935 885 3006 ιν).
898 2955 912 2983 n

88 3021 212 3079 initialia
229 3023 277 3079 ille
292 3025 381 3080 timor
392 3030 437 3080 est
452 3040 510 3096 quo
526 3023 593 3096 quis
622 3023 752 3079 declinat
778 3039 796 3078 a
825 3020 912 3090 molo,

90 3109 200 3182 partim
216 3128 315 3168 amore
326 3112 460 3182 justiliae,
472 3113 576 3185 partim
586 3112 741 3168 tormidine
760 3128 848 3182 prena
859 3127 865 3178 ;
878 3110 914 3166 de
927 3093 950 3162 (l

13 3260 19 3267 ,
97 3213 157 3271 quo
172 3198 297 3272 legitur:
315 3221 329 3250 α
339 3200 457 3257 initium
469 3201 619 3274 sapientie
635 3208 679 3256 est
695 3201 783 3255 timor
798 3199 914 3255 Domini

89 3286 189 3359 (Docte.
206 3286 236 3359 1).
248 3310 262 3339 ι
278 3287 386 3346 Fiualis
397 3288 485 3346 timor
499 3293 544 3346 est
557 3287 607 3346 ille
622 3305 680 3361 quo
696 3289 763 3362 quis
787 3286 915 3344 declinat

83 3392 104 3433 ι
114 3374 192 3433 malo
205 3381 323 3435 tantum
335 3394 434 3436 amore
441 3377 583 3451 justitin;
597 3378 633 3434 de
642 3377 831 3466 quolegitur:
843 3376 915 3432 «Τί-

87 3478 153 3522 mor
181 3465 298 3524 Domini
325 3483 415 3541 super
442 3467 543 3525 omnia
570 3483 602 3524 ee
631 3466 820 3541 superposuit
852 3467 913 3537 tlic-

88 3552 138 3610 ele.
154 3556 232 3627 xxv).
249 3577 264 3606 n

123 3677 196 3734 (lum
211 3693 279 3752 ergo
305 3679 529 3739 diciturvobia:
554 3681 645 3740 Nolite
671 3683 768 3739 timere
794 3682 913 3754 pusillus

88 3781 172 3841 pree,
188 3767 225 3823 de
235 3768 385 3825 mundano
399 3769 443 3826 vel
460 3768 592 3826 burneno
607 3768 779 3844 intelligatis
794 3770 911 3839 timore,

84 3871 121 3913 ne
131 3853 264 3912 videlicet
280 3862 397 3929 propter
407 3857 558 3931 corporale
569 3859 732 3932 periculum
742 3857 786 3914 vel
801 3859 913 3915 incom-

85 3943 208 4001 modum
223 3945 384 4018 temporale
399 3946 435 4002 de
449 3947 556 4003 virtute
571 3948 606 4003 ad
622 3946 725 4003 vitium
746 3946 909 4005 declinetis.

85 4033 161 4107 Drgo
176 4032 384 4105 remetimur,
398 4035 522 4108 pusillus
535 4053 618 4110 pree,
643 4053 696 4107 pro
717 4053 750 4093 ιο
776 4036 912 4093 videlicet

87 4123 165 4196 quod
180 4124 248 4182 sitis
263 4123 378 4198 pusilli,
393 4125 463 4196 quia
486 4125 571 4198 peuoi
595 4124 639 4181 vel
663 4140 830 4198 pauperes;
855 4127 912 4184 etei

86 4211 183 4285 pauci,
200 4214 394 4282 numero,sed
406 4230 464 4271 non
481 4213 603 4282 merito;
620 4220 650 4271 et
664 4213 689 4270 si
710 4230 854 4286 pauperes
865 4215 910 4271 fa-

86 4300 256 4373 cultatibus,
271 4301 432 4375 locupletes
444 4303 616 4360 virtutibus.
633 4301 748 4360 Certesi
761 4307 851 4359 Deum
865 4303 909 4358 di-

965 2667 1138 2740 ebnegsndo
1149 2683 1201 2722 vos
1216 2666 1296 2740 ipsos
1308 2667 1427 2726 divitias
1441 2670 1710 2743 contempseritis?

1001 2794 1074 2865 Ergo
1102 2792 1309 2862 nolitetimere,
1327 2793 1449 2864 pusillus
1462 2810 1532 2866 pree
1547 2795 1571 2850 si
1600 2799 1702 2852 tamen
1725 2811 1797 2871 grex

964 2882 1030 2938 aitis
1046 2898 1104 2936 non
1119 2882 1240 2954 quidem
1252 2898 1406 2954 porcorum
1422 2883 1472 2956 qui
1488 2899 1519 2939 se
1534 2882 1796 2957 precipitaverunt

963 2971 993 3026 in
1014 2971 1271 3042 marathonide),
1288 2972 1340 3027 sed
1355 2992 1370 3020 κ
1384 2976 1537 3029 tonsarum
1565 2989 1630 3044 qua
1650 2974 1794 3030 ascende·

968 3063 1038 3115 runt
1053 3059 1089 3114 de
1103 3056 1217 3114 lavacro
1233 3059 1326 3130 (Cant.
1344 3063 1403 3129 ιιι).
1421 3081 1432 3109 ι
1451 3059 1532 3117 Porci
1547 3062 1627 3118 euim
1643 3066 1717 3119 suut
1742 3061 1794 3135 qui

970 3146 1070 3202 divina
1084 3153 1267 3203 sacramenta
1280 3147 1464 3218 conculcant,
1489 3149 1525 3205 de
1540 3148 1651 3221 quibus
1667 3149 1794 3224 legitur:

970 3234 1086 3292 «Nolite
1096 3237 1273 3309 margaritas
1281 3237 1395 3294 mittere
1403 3245 1582 3312 anteporoos
1593 3239 1702 3308 (licita
1714 3240 1795 3313 v11).»

968 3321 1048 3379 Porci
1065 3328 1135 3379 eunt
1159 3323 1210 3396 qui
1225 3323 1322 3380 carnis
1348 3323 1553 3381 immunditiae
1575 3325 1794 3398 amplexantur,

966 3411 1038 3483 quia
1053 3434 1067 3462 a
1077 3429 1129 3469 sue
1140 3412 1199 3469 lota
1209 3412 1238 3467 in
1250 3410 1404 3469 volutabro
1413 3411 1466 3468 luti
1478 3415 1517 3481 (ll
1529 3419 1606 3472 Pelr.
1622 3417 1665 3487 11).
1684 3439 1698 3466 »
1711 3416 1797 3474 Porci

967 3502 1798 3575 euntquinonruminaut,quividelicetuonmeditantur

965 3589 997 3647 in
1012 3589 1077 3663 lega
1092 3590 1218 3660 Domini,
1235 3593 1263 3647 et
1277 3589 1351 3647 talea
1361 3592 1524 3649 secundum
1538 3591 1635 3666 legem
1647 3610 1705 3651 non
1722 3598 1794 3651 sunt

966 3678 1085 3735 esibiles
1101 3677 1143 3734 illi
1160 3679 1209 3751 qui
1224 3679 1403 3736 comeditur
1417 3680 1487 3750 edit,
1504 3682 1645 3753 quoniam
1661 3681 1691 3738 in
1707 3684 1795 3742 corde

967 3771 1051 3840 parat
1061 3766 1117 3824 sibi
1128 3784 1196 3823 esus
1207 3768 1337 3825 edentes.
1348 3767 1451 3826 Cavete
1459 3769 1567 3841 itaque,
1576 3774 1719 3829 oevetene
1728 3771 1793 3829 sitis

965 3873 1032 3929 grex
1041 3873 1197 3930 porcorum
1208 3858 1258 3929 qui
1267 3857 1452 3931 precipitnut
1467 3859 1795 3934 sninmare(l.uc.v11),

965 3962 1002 4003 ne
1016 3947 1114 4003 denuo
1128 3945 1315 4019 immergatis
1328 3964 1380 4004 voe
1396 3948 1425 4004 in
1442 3949 1496 4006 boc
1512 3966 1592 4007 mare
1608 3967 1749 4025 magnum
1766 3956 1794 4009 at

965 4035 1142 4108 spetiosum,
1159 4037 1188 4092 id
1204 4042 1250 4093 ost
1263 4037 1294 4093 in
1310 4036 1525 4095 sollicitudines
1540 4043 1569 4095 ιι
1582 4039 1612 4096 in
1637 4039 1793 4098 illecebras

964 4125 1055 4198 hujus
1070 4124 1181 4193 saculi,
1199 4125 1249 4181 ubi
1265 4131 1310 4182 est
1325 4149 1339 4176 «
1354 4125 1472 4183 vialata
1499 4132 1528 4183 et
1557 4128 1698 4200 spatiosa,
1725 4146 1792 4203 quse

963 4215 1046 4272 ducit
1060 4216 1350 4287 admortemffluttt.
1369 4215 1431 4289 vul.
1450 4217 1677 4291 »Sedsitiegrex
1695 4218 1794 4276 ovium

964 4320 1021 4361 non
1037 4302 1246 4377 quarumlibet,
1263 4304 1314 4361 sed
1331 4327 1345 4355 α
1361 4309 1515 4362 tonsarum
1537 4323 1601 4379 que
1623 4307 1661 4363 de
1680 4306 1796 4365 lavacro

84 4386 189 4460 ligius,
205 4389 260 4444 soli
275 4406 334 4447 ιοι
347 4391 428 4458 estis,
444 4393 515 4464 quie
529 4396 621 4449 totam
631 4392 803 4449 Trinitatem
813 4391 842 4448 in
858 4409 909 4449 vo·
963 4393 1185 4460 veniuntfflent.
1201 4392 1269 4464 ivl.»
1281 4397 1353 4450 Oves
1367 4399 1437 4450 sunt
1449 4395 1631 4466 inuocantes,
1643 4396 1799 4468 dequibus

86 4475 133 4534 bie
148 4475 273 4546 habetis,
290 4478 405 4537 dicente
421 4482 563 4538 Domino:
579 4505 588 4530 ι
607 4482 636 4538 Si
653 4485 720 4553 quia
734 4480 829 4550 diligit
852 4498 908 4549 me,
925 4463 948 4528 Ῑ)
964 4480 1072 4552 legitur
1085 4497 1091 4535 :
1103 4503 1117 4532 ι
1131 4480 1182 4538 Ιιιί
1195 4481 1246 4554 qui
1259 4487 1418 4551 ovessuut,
1429 4483 1499 4555 quid
1512 4485 1643 4541 lecerunt
1654 4488 1800 4558 t«(lllteq.

87 4569 908 4644 sermonesmeoesarvabit,etPatermeusdiligeteum,
963 4578 1041 4637 xxv.)
1055 4569 1129 4627 Oves
1155 4571 1336 4639 obedientes,
1360 4572 1396 4629 de
1425 4572 1534 4644 quibus
1565 4574 1705 4633 Dominus
1733 4577 1797 4633 ait:

87 4658 116 4711 et
131 4654 167 4710 ad
182 4671 250 4711 oum
265 4657 428 4723 veniamus,
443 4663 473 4715 ιι
488 4660 668 4716 mansionem
684 4659 762 4731 apud
778 4675 846 4715 eum
868 4659 911 4715 la·
964 4658 1067 4715 «Oves
1083 4674 1151 4714 mea
1166 4675 1265 4716 vocem
1282 4676 1376 4716 meam
1389 4660 1514 4717 audiunt
1528 4662 1619 4733 (loon.
1636 4663 1676 4735 a).
1691 4686 1702 4717 s
1723 4664 1798 4722 Oves

87 4742 200 4800 ciamus
213 4745 304 4817 (loon.
321 4745 390 4817 arv).
403 4769 417 4795 ι
434 4746 506 4803 Nem
520 4769 534 4798 a
550 4746 625 4805 Deus
653 4747 783 4804 ebaritas
811 4751 866 4817 est,
882 4754 911 4804 et
965 4747 1110 4822 patientes
1124 4753 1153 4803 et
1168 4748 1265 4818 mites,
1281 4749 1317 4804 de
1333 4746 1442 4822 quibus
1458 4749 1566 4806 dicitur
1584 4767 1590 4805 :
1609 4774 1623 4801 α
1643 4752 1798 4826 Tanquam

88 4832 139 4905 qui
154 4837 254 4890 manat
268 4834 297 4889 in
313 4833 464 4903 charitate,
482 4836 511 4891 iu
523 4837 582 4893 Deo
594 4841 702 4904 manet,
713 4836 828 4893 etDeue
839 4836 911 4893 ineo
965 4837 1028 4893 ovis
1044 4837 1080 4893 ad
1092 4836 1267 4893 occisionem
1285 4837 1392 4893 ductus
1407 4842 1463 4906 est,
1480 4843 1509 4893 et
1528 4840 1614 4911 quasi
1629 4858 1725 4913 ugnus
1748 4859 1798 4900 co·

87 4923 177 4993 (loon.
193 4926 243 4991 ev).
257 4945 271 4973 ι
287 4922 315 4978 si
328 4923 420 4979 Deum
435 4924 571 4998 diligitis,
588 4925 643 4981 soli
664 4942 720 4982 nou
743 4925 827 4992 estis,
843 4925 913 4998 qnia
965 4940 1027 4981 ram
1041 4926 1183 4982 tondente
1207 4941 1239 4982 ee
1258 4926 1444 4991 obmutescit,
1468 4927 1511 4983 sic
1536 4945 1594 4984 nou
1622 4931 1735 5003 aperiet
1764 4948 1797 4988 os

88 5011 913 5085 multitudinemangelorumvoniscumhebetialtsoolite
966 5014 1245 5087 suentensem).
1263 5019 1327 5070 »ut
1352 5032 1413 5080 vos,
1437 5017 1553 5085 tratres,
1577 5034 1644 5075 oves
1660 5036 1726 5076 esse
1746 5021 1798 5077 de·

88 5099 205 5171 fratrea,
216 5102 295 5174 quod
307 5099 428 5157 llliseue
442 5099 542 5174 iuquit
555 5101 590 5157 ad
608 5118 779 5175 postumus
810 5102 913 5158 Plures
966 5102 1329 5177 betisperinnocentiaur,
1347 5109 1379 5159 ut
1398 5121 1455 5160 uon
1481 5106 1611 5164 reddatis
1639 5130 1654 5157 a
1685 5108 1798 5167 malm

87 5188 242 5246 nobiscum
258 5194 428 5262 suntquam
444 5206 511 5246 oum
528 5190 587 5246 illis
601 5189 649 5260 (lV
665 5191 792 5260 Repvr),
809 5213 822 5240 ι
844 5191 913 5263 quia
967 5190 1117 5264 promulo,
1133 5206 1227 5262 neque
1243 5192 1431 5249 maledictum
1447 5209 1501 5264 pro
1514 5193 1670 5253 maledicto
1686 5199 1709 5268 tl
1721 5204 1798 5255 Patr.

88 5275 914 5353 dsscenderntexercitueaugelorumedpresidiumllli-
967 5280 1412 5355 nr).»0vasesseoabatispar
1433 5283 1642 5353 odedientiam,
1671 5290 1704 5342 ut
1736 5287 1801 5344 aine

89 5364 151 5421 sai.
162 5365 197 5422 ct
208 5366 338 5438 ltapbael
346 5367 470 5442 angelus
480 5369 516 5425 ad
527 5369 650 5426 'l'obiam
661 5387 669 5428 t
680 5391 694 5418 ι
706 5372 779 5426 Cum
796 5370 912 5437 orabas,
968 5387 1051 5428 mora
1062 5369 1171 5441 pariter
1185 5372 1215 5424 et
1228 5367 1499 5441 querelaobediatis
1510 5387 1568 5427 non
1580 5372 1677 5431 solum
1689 5374 1801 5434 divinis

87 5451 275 5524 lnquit,cum
299 5454 449 5529 lacrymis,
473 5473 527 5532 ego
541 5456 633 5514 obtuli
650 5457 810 5514 orationem
831 5464 913 5516 tuam
967 5458 1132 5534 preceptis,
1148 5457 1343 5514 verumetiam
1356 5458 1704 5530 regularibusinstltutis.
1726 5463 1800 5522 Oves

88 5540 213 5599 Domino
229 5542 301 5611 (lot.
317 5549 380 5615 ru).
397 5570 409 5601 ι
429 5548 510 5604 Unde
533 5545 690 5604 Psalmiste
705 5545 833 5607 dicebat:
846 5571 860 5596 a
880 5548 912 5607 lu
968 5562 1034 5606 aese
1048 5546 1161 5606 debetis
1176 5560 1228 5618 per
1252 5547 1508 5605 mansuetudinem
1523 5551 1554 5605 at
1567 5548 1752 5627 patientiam,
1766 5558 1801 5613 ut
