3796 5986
105 250 160 308 bii
535 251 743 310 innocencii
763 249 802 308 111
820 251 923 307 PAPAE
942 250 1134 308 SERHONES
1152 251 1201 306 DE
1218 252 1380 307 SANC'I'IS.
1761 250 1810 311 548

107 384 142 436 ut
156 395 214 435 non
228 378 289 435 tuis
305 376 417 434 meritis
428 378 564 435 uirtutem
581 377 815 446 obedientiae‚sed
828 376 931 433 diuinae
946 378 973 446 Α
988 394 1026 433 ne
1040 380 1190 434 scrutatus
1204 375 1294 432 fueris
1309 375 1404 446 (dccli.
1421 391 1474 451 111),
1491 397 1503 429 ι
1527 377 1597 448 quia
1615 397 1626 426 ι
1644 378 1811 436 deiecerunt
1843 364 1845 391 ⁵

107 468 207 540 gratia
223 470 340 523 tantum
352 465 493 524 ascribas.
509 467 610 523 Simon
626 467 705 523 eninr
720 466 932 537 interpretatur
983 471 1147 522 scrutantes
1163 465 1307 523 scrutinio
1320 467 1406 534 (Prol.
1424 469 1514 530 nxnr).
1532 488 1546 519 ιι
1563 467 1598 523 Ε)
1612 475 1810 541 perscrutator

105 555 245 625 medicea,
260 559 291 612 et
311 555 441 613 loannes
463 555 618 628 exponitur
638 556 687 611 Dei
709 554 818 628 pretia.
841 558 931 609 Pasce
985 555 1151 626 majestatis
1174 554 1390 628 opprimetnra
1410 556 1514 628 gloria.
1536 558 1610 614 cave
1631 574 1754 631 quoque
1777 578 1809 617 ue

104 650 204 703 summ
217 661 271 703 eas
293 661 353 702 non
374 646 477 714 otiose,
493 661 552 701 non
576 645 783 718 perfunctorie,
800 660 858 699 non
882 643 931 697 in·
985 648 1118 700 sanctum
1137 646 1187 700 des
1202 643 1336 709 canibus,
1353 660 1449 717 neque
1473 645 1650 719 margaritas
1673 647 1811 720 projicias

104 733 343 805 censentientem
359 749 431 791 mse
445 733 555 801 suntid
566 736 611 789 est
627 731 684 788 mei
700 731 855 805 sanguinis
866 746 930 803 pre·
985 736 1053 789 ante
1068 748 1171 804 porcos
1191 732 1295 796 (ilottlr.
1311 739 1372 797 vir).
1386 734 1442 790 Sed
1469 750 1564 806 neque
1584 735 1720 807 parvulis
1744 737 1810 794 soli·

44 808 52 819 ’
105 821 147 879 tio
163 823 430 896 comparats.Nam
446 845 461 873 ιι
477 822 574 879 bonus
588 827 689 895 pastor
704 823 787 894 ponit
799 821 931 878 animam
984 822 1055 878 dum
1071 821 1168 878 cibum
1193 821 1318 893 tribues,
1333 824 1398 895 ejus
1422 824 1555 896 exemplo
1570 824 1622 896 qui
1637 825 1679 881 ait
1694 843 1702 882 :
1718 848 1734 877 a
1750 827 1809 884 Nun

3 976 7 989 ¹
103 927 190 969 suam
206 926 258 985 pro
273 912 377 967 ovibus
390 911 453 969 suis
466 912 556 973 ticos.
571 915 627 975 xl.»
644 911 750 985 Magno
764 908 854 984 igitur
865 924 929 982 pre·
985 910 1064 982 potui
1080 910 1164 967 vobis
1186 909 1269 984 loqui
1294 911 1379 985 quasi
1406 911 1632 984 spiritualibus;
1648 914 1703 970 sed
1727 917 1809 988 quasi

103 999 146 1057 tio
160 1005 265 1073 emptis
280 1004 361 1072 sunt,
378 1017 434 1058 non
462 999 707 1072 corruptibilibus
720 1016 793 1057 auro
815 998 860 1056 vel
882 1014 930 1055 ar·
984 999 1153 1057 carnalibus
1167 1004 1308 1073 tanquam
1325 1000 1456 1074 parvulis
1470 1002 1500 1057 in
1516 1002 1632 1059 Christo
1647 1001 1694 1060 lac
1709 1012 1810 1078 potum

104 1093 203 1164 genio,
218 1089 269 1146 sod
285 1090 414 1163 pretioso
430 1090 574 1163 sanguine
593 1089 669 1163 ligni
688 1087 882 1146 immaculati.
896 1088 933 1145 ut
985 1087 1052 1146 dedi
1075 1090 1167 1161 vobis,
1193 1107 1251 1146 non
1277 1105 1375 1147 escam
1399 1093 1422 1155 (l
1438 1091 1498 1147 Cor.
1516 1096 1568 1155 ιιι).
1592 1114 1608 1143 ιι
1630 1092 1811 1166 Sapientiam

103 1178 170 1236 ideo
185 1180 273 1237 debes
286 1197 336 1236 cas
351 1196 471 1253 pascere
486 1178 610 1236 sollicite
625 1196 659 1236 ao
674 1179 839 1252 diligenter.
983 1178 1063 1234 enim
1078 1177 1227 1250 loquimur
1241 1179 1319 1236 inter
1327 1180 1562 1253 perlectos,inter
1573 1197 1625 1238 vos
1640 1186 1811 1240 autemnon

139 1268 264 1325 attende
278 1268 388 1341 quippe
401 1270 562 1340 prudenter
576 1268 647 1340 quid
660 1267 793 1324 domatis
809 1266 931 1338 pastori·
980 1266 1110 1340 judicavi
1128 1283 1175 1324 me
1190 1269 1301 1340 aliquid
1319 1268 1404 1340 scire,
1416 1269 1474 1325 nisi
1490 1269 1593 1327 iesum
1606 1271 1772 1345 Christum,
1787 1277 1815 1329 et

102 1357 159 1415 bus
174 1373 226 1430 per
240 1356 414 1431 prophetam
437 1356 552 1414 dicatur
568 1375 574 1414 :
592 1379 607 1408 u
623 1360 671 1412 Vm
687 1355 867 1431 pastoribus,
883 1354 928 1411 in·
984 1354 1064 1412 bunc
1079 1356 1250 1414 crucifixum
1265 1360 1290 1419 (l
1303 1357 1364 1415 Cor.
1380 1370 1419 1424 ιι).

101 1445 176 1519 quit,
193 1444 310 1502 israelis
326 1445 376 1518 qui
402 1444 560 1517 pascebant
576 1445 750 1516 semetipsos
771 1447 800 1500 et
812 1460 930 1518 gregem
1019 1443 1091 1501 Cum
1106 1449 1205 1501 autern
1222 1447 1319 1519 pascis
1334 1451 1518 1503 sacramento
1532 1447 1738 1516 Eucharistiae,
1752 1466 1811 1506 mo·

101 1549 200 1591 meum
227 1550 286 1590 non
310 1536 487 1608 pascebaut;
511 1533 556 1589 lac
581 1534 786 1604 comedebant,
811 1549 929 1606 gregem
984 1547 1055 1589 neas
1070 1534 1212 1606 populum
1229 1535 1331 1591 dicens
1346 1552 1355 1592 :
1372 1558 1383 1586 ι
1402 1537 1456 1601 Qut
1472 1537 1635 1594 manducat
1650 1548 1758 1609 panem
1770 1539 1813 1594 ιο)

17 1654 21 1659 -
102 1629 200 1680 autem
219 1639 318 1679 mcum
335 1639 392 1679 non
409 1624 582 1695 pacabant.
599 1623 680 1689 Quod
706 1622 858 1679 intirmum
874 1624 930 1677 tuit
983 1621 1058 1678 bibit
1072 1622 1192 1678 calicem
1210 1624 1327 1680 Domini
1342 1624 1476 1698 indigne,
1492 1641 1561 1683 rens
1576 1631 1622 1683 est
1637 1627 1772 1699 corporis
1785 1633 1811 1684 et

102 1730 161 1770 non
185 1712 404 1770 consolidastis.
434 1714 510 1785 quod
536 1718 677 1786 egrotum
702 1730 760 1770 non
788 1712 928 1780 sanastis,
984 1712 1506 1784 sauguinisDomini.Probetautem
1523 1715 1812 1788 seipsumbomo,et

70 1866 73 1871 ,
102 1803 179 1875 quod
198 1802 323 1858 tractum
339 1818 397 1858 non
420 1801 575 1874 alligastis,
592 1803 670 1874 qnod
696 1803 842 1874 abJ‘ectum
869 1819 927 1858 non
982 1800 1025 1857 aio
1040 1801 1076 1857 de
1093 1816 1166 1872 pane
1181 1801 1231 1857 ilio
1254 1804 1321 1858 edat
1343 1808 1373 1859 et
1387 1804 1423 1859 de
1439 1805 1528 1860 calice
1544 1804 1635 1863 bibat.
1652 1805 1709 1872 Qui
1733 1808 1808 1864 enim

103 1891 274 1958 reduxistis,
287 1892 365 1963 quod
380 1891 529 1963 perditum
547 1907 604 1946 non
621 1890 927 1963 requisistispropte·
983 1890 1141 1946 manducat
1155 1895 1184 1945 et
1200 1889 1274 1946 bibit
1288 1890 1568 1963 indigne,judicium
1584 1893 1642 1949 sibi
1654 1896 1812 1952 manducat

100 1995 151 2036 rsa
165 1980 304 2052 dispersa
319 1984 389 2036 suni
404 1996 473 2036 ovea
488 1981 655 2047 mendacta
671 1984 742 2036 sunt
757 1979 786 2034 in
804 1980 926 2036 devora·
981 1983 1011 2035 et
1026 1978 1171 2047 bibit,non
1189 1979 1358 2050 dijudicans
1376 1996 1483 2052 corpus
1497 1981 1613 2038 Domini
1629 1984 1652 2045 (l
1665 1987 1731 2041 cor.
1747 1991 1808 2049 xa).-

3 2140 7 2149 ἱ
99 2067 210 2125 tionem
234 2069 368 2125 omnium
394 2067 579 2124 bestiarum:
597 2091 610 2119 a
630 2067 804 2141 sanguinem
828 2074 927 2126 autem
982 2066 1067 2124 Sicut
1082 2068 1159 2123 enim
1185 2069 1234 2124 ille
1250 2069 1301 2140 qui
1326 2069 1399 2125 bene
1415 2072 1542 2126 sustinet
1564 2075 1702 2138 mortem,
1720 2074 1805 2129 vitam

100 2172 200 2215 earum
218 2157 254 2215 de
269 2173 358 2213 manu
374 2160 471 2213 vestra
496 2156 645 2230 requiram
662 2157 772 2225 (Erech.
789 2167 894 2222 xxxiv).
912 2179 926 2208 ιι
981 2157 1127 2228 anquirit;
1144 2157 1187 2213 sio
1201 2157 1250 2213 ille
1266 2158 1317 2229 qui
1334 2157 1410 2214 male
1435 2160 1543 2231 accipit
1563 2160 1667 2231 vitam,
1682 2169 1804 2218 mortem

135 2248 225 2303 Porro
240 2262 307 2302 cum
325 2246 420 2318 pascis
436 2245 581 2318 exemplo,
601 2262 671 2303 cava
685 2248 845 2320 prudenter
863 2248 925 2303 ina·
980 2245 1114 2301 incurrit.
1131 2246 1295 2303 Recordare
1311 2247 1347 2303 de
1368 2246 1418 2303 ilio
1435 2249 1486 2319 qui
1503 2249 1622 2305 intravit
1639 2252 1675 2306 ad
1693 2252 1808 2324 nuptias

100 2351 168 2393 uem
184 2333 309 2409 glariam
326 2351 362 2392 ne
373 2335 464 2392 iacias
471 2334 620 2406 justitiam
629 2339 710 2392 tuam
722 2352 821 2393 ooram
834 2335 926 2393 bomi-
980 2350 1038 2390 non
1055 2334 1167 2390 hebens
1192 2339 1303 2390 vestem
1319 2335 1494 2407 nuptialem,
1510 2337 1581 2410 quia
1604 2353 1638 2394 cx
1663 2346 1806 2412 praecepto

99 2423 187 2480 nibus
203 2429 235 2480 ut
246 2423 373 2480 videaris
387 2422 424 2480 ab
440 2424 482 2480 eis
494 2443 523 2493 3«
542 2424 673 2497 alioquin
691 2426 854 2481 mercedem
866 2440 925 2481 non
979 2423 1108 2493 Domini,
1124 2423 1223 2496 ligatis
1236 2424 1375 2481 manibus
1390 2429 1419 2481 ct
1434 2426 1568 2497 pedibus,
1595 2427 1709 2486 missus
1721 2435 1767 2485 est
1779 2429 1805 2485 in

97 2511 219 2570 habebis
234 2513 310 2585 apud
328 2512 440 2569 Patrem
457 2517 542 2569 tuum
558 2514 607 2585 qui
625 2513 654 2569 in
670 2514 741 2570 coelo
757 2519 803 2570 est
821 2512 924 2575 tllcttlr.
979 2513 1117 2570 tenebras
1141 2514 1311 2586 exteriores,
1328 2514 1378 2570 ubi
1394 2521 1439 2572 est
1455 2515 1541 2573 tletus
1556 2523 1585 2573 et
1599 2517 1713 2574 stridor
1737 2520 1807 2576 den·

97 2605 156 2672 v1l3
174 2624 190 2652 ιι
205 2603 256 2659 sed
273 2602 316 2658 sic
332 2626 345 2653 ιι
358 2602 511 2658 luceatlex
525 2608 685 2659 tuscorum
697 2602 876 2673 hominibus,
893 2607 926 2659 ut
979 2602 1066 2672 tium,
1080 2603 1129 2658 ubi
1145 2607 1190 2658 cst
1205 2604 1312 2659 vermis
1329 2605 1380 2675 qui
1395 2622 1451 2660 non
1468 2606 1602 2674 moritur,
1619 2610 1649 2662 et
1662 2607 1743 2679 iguis
1759 2607 1807 2680 qui

28 2750 31 2755 ,
97 2692 216 2748 videant
231 2706 320 2762 opera
336 2695 387 2746 tua
402 2691 521 2759 bona,et
535 2690 699 2763 glorificent
711 2691 825 2747 Patrem
839 2699 924 2747 tuum
980 2707 1038 2746 non
1063 2691 1262 2764 exstinguitur
1274 2693 1382 2761 (narrt.
1398 2704 1478 2765 xxn).
1495 2694 1577 2751 Tales
1601 2712 1666 2752 esse
1682 2696 1805 2765 debetis,

98 2782 149 2855 qui
165 2785 194 2836 in
206 2780 289 2836 coelis
299 2779 495 2844 esttltattbm)
508 2797 533 2847 ;ιι
545 2781 702 2839 utcortina
712 2781 855 2836 cortinam
868 2787 924 2837 tra·
979 2780 1150 2852 iratres,qui
1165 2782 1237 2836 estis
1253 2787 1396 2852 pastores.
1409 2784 1464 2838 Sed
1482 2787 1511 2839 ct
1525 2800 1586 2852 vos,
1603 2783 1666 2853 tilii,
1681 2787 1804 2854 satagite

96 2869 159 2939 bat,
177 2890 191 2917 ι(
207 2873 235 2924 et
251 2869 302 2942 qui
318 2869 401 2924 audit
416 2868 495 2924 dicat
511 2884 517 2924 :
537 2890 547 2918 ι
563 2868 644 2925 Veni.
662 2890 677 2920 ιι
693 2868 775 2925 Certe
790 2873 836 2924 tot
849 2886 925 2924 mer·
978 2866 1134 2938 diligenter
1149 2874 1182 2925 ut
1196 2869 1262 2925 sitis
1277 2873 1421 2927 veraciter
1431 2888 1498 2927 ovea
1508 2878 1668 2929 mansuetae
1682 2880 1713 2929 et
1725 2875 1806 2930 inno·

96 2957 179 3014 tibus
193 2963 262 3014 sunt
276 2957 357 3030 digni
374 2962 506 3030 pastores
522 2962 594 3028 quot
608 2957 781 3031 perditionis
791 2957 924 3030 exempla
978 2962 1087 3022 centes,
1104 2973 1140 3013 ne
1156 2958 1287 3013 reddatis
1303 2959 1413 3015 malum
1429 2976 1482 3031 pro
1498 2960 1584 3029 bono,
1602 2977 1697 3034 noque
1714 2964 1804 3019 malc-

97 3047 306 3103 transmittunt
329 3047 365 3101 ad
391 3062 469 3102 oves.
486 3046 559 3104 Cum
583 3046 662 3103 enim
682 3047 820 3103 subditus
844 3048 924 3104 videt
978 3044 1090 3101 dictum
1114 3061 1165 3118 pro
1190 3045 1344 3103 maledicto
1367 3049 1389 3115 (l
1404 3050 1478 3104 Petr.
1506 3057 1558 3118 ιιι),
1583 3050 1649 3122 ejus
1672 3051 1806 3124 exemplo

96 3150 215 3208 peceare
231 3135 398 3209 praelatum,
414 3134 498 3191 incita
512 3134 645 3208 exemplo
667 3135 877 3208 corrumpitur,
894 3117 960 3194 etG
979 3134 1130 3206 «quicum
1144 3133 1371 3192 malediceretur
1387 3154 1445 3193 nou
1463 3138 1739 3210 maledicebat,cum
1755 3158 1806 3213 pa·

97 3223 127 3281 in
142 3238 227 3282 suam
244 3223 362 3298 culpam
377 3224 598 3282 exeusationem
619 3224 774 3296 pretendit
791 3224 922 3282 :eulilcit
976 3227 1088 3281 teretur
1102 3239 1160 3280 non
1186 3225 1425 3284 comminabatur
1447 3227 1470 3289 tl
1485 3233 1560 3285 Patr.
1576 3236 1627 3298 ιι);
1645 3249 1659 3279 ιι
1684 3233 1718 3285 nt
1741 3230 1807 3287 sitis

97 3313 242 3386 discipulo
257 3313 282 3371 si
299 3315 336 3371 sit
350 3314 429 3371 sicut
443 3313 584 3387 magister
598 3329 671 3370 suus
684 3339 692 3383 ;
703 3331 760 3370 non
772 3314 850 3370 enirn
866 3331 920 3387 po·
977 3310 1065 3370 utiles
1079 3318 1109 3370 et
1123 3313 1277 3384 inactuosi,
1290 3315 1445 3372 reddentes
1459 3315 1628 3388 pastoribus
1636 3319 1745 3377 vestris
1760 3317 1805 3378 lac

94 3407 154 3461 test
165 3401 246 3460 tilius
261 3403 427 3470 lacerante
443 3401 520 3474 quod
536 3406 649 3475 patrem
665 3401 738 3459 vidit
752 3402 920 3463 facientem.
976 3408 1005 3459 et
1019 3401 1130 3472 lanam,
1145 3401 1174 3458 id
1191 3408 1236 3460 est
1250 3403 1397 3476 primitias
1412 3410 1442 3462 et
1456 3403 1633 3478 oblationes,
1648 3422 1724 3478 quas
1739 3423 1806 3466 ecce

94 3490 182 3549 Btsio
192 3488 918 3565 unoeodemquepeccatopraelatusstsametipsum
977 3492 1031 3562 [itu
1044 3490 1115 3564 cod]
1131 3491 1276 3549 Dominus
1301 3493 1397 3559 nobis,
1411 3493 1472 3550 sins
1487 3500 1582 3552 vestro
1607 3512 1666 3553 non
1682 3498 1806 3570 potestis

58 3602 61 3607 ·
94 3581 281 3653 condemnat,
297 3586 326 3638 et
350 3580 490 3654 populum
506 3581 612 3654 perdit.
635 3580 709 3637 Nam
733 3581 759 3637 si
783 3581 919 3638 sacerdos
974 3580 1105 3654 periculo
1120 3580 1246 3637 retinere
1258 3581 1402 3653 ;«dignus
1417 3584 1552 3639 estenim
1568 3585 1807 3657 operariusmer·

93 3669 146 3744 qui
161 3676 269 3727 unctus
283 3674 329 3727 est
342 3670 513 3743 peccauerit,
530 3670 617 3727 faciet
639 3668 810 3743 delinquere
826 3687 918 3743 popu·
973 3671 1043 3726 cede
1063 3686 1118 3726 sua
1129 3671 1152 3734 (l
1166 3670 1233 3726 Tim.
1246 3678 1285 3726 vl.
1302 3691 1318 3720 ιι
1337 3670 1458 3743 Propter
1472 3673 1549 3744 quod
1567 3673 1683 3731 dicebat
1704 3680 1804 3748 Apos-

12 3832 16 3837 .
92 3758 157 3816 lum
173 3759 303 3831 (isara).
314 3758 387 3814 Cum
400 3759 497 3831 pascis
507 3759 694 3827 documento,
707 3774 774 3816 cave
789 3759 919 3832 pruden·
972 3757 1072 3815 tolus:
1091 3779 1104 3810 a
1120 3758 1150 3814 Si
1166 3757 1378 3815 seminavimus
1392 3760 1477 3817 vobis
1493 3761 1671 3833 spiritualia,
1688 3779 1747 3820 non
1759 3770 1805 3822 est

89 3852 136 3906 ter
151 3865 169 3905 a
183 3847 327 3921 pravitate
343 3847 528 3917 haereticam
544 3848 617 3902 torte
633 3863 739 3919 aquam
755 3846 821 3903 vino
837 3864 918 3903 com·
972 3862 1114 3918 magnum
1135 3847 1159 3903 si
1176 3847 1305 3903 carnalia
1318 3852 1416 3905 vostra
1431 3855 1580 3907 metamus
1599 3851 1703 3915 (icor.
1721 3858 1771 3909 ιιι).
1790 3876 1805 3903 ι

90 3937 226 4000 misceas,
242 3951 279 3993 ne
292 3935 333 3992 iet
356 3935 493 3992 draconis
506 3934 645 4007 propines
660 3936 689 3990 in
715 3951 803 3992 aureo
827 3936 917 3993 calice
972 3935 1136 4007 Ergo,dum
1153 3939 1273 4007 tempus
1288 3934 1563 4005 habetis,aeminate
1578 3939 1608 3994 in
1623 3938 1805 3999 benedictio-

22 4032 39 4070 -'
89 4025 257 4098 Babylonis.
276 4047 290 4075 «
305 4024 419 4082 altiora
432 4034 460 4081 te
477 4040 513 4081 ne
529 4023 693 4097 quesieris,
710 4028 739 4081 et
752 4023 873 4081 tortiora
888 4031 916 4083 te
972 4025 1072 4094 nibus,
1089 4030 1122 4081 ut
1138 4025 1257 4082 metatis
1275 4025 1366 4082 uitam
1382 4030 1644 4085 aeternamimsn.

812 4358 951 4430 SERMO
976 4361 1062 4428 lilii.

456 4503 493 4561 ΙΝ
514 4502 767 4562 subaudimus
783 4508 818 4559 D.
838 4501 1099 4561 apostotorum
1121 4502 1227 4559 rarat
1246 4505 1288 4558 ΕΤ
1308 4502 1423 4560 PAULI.

86 4629 167 4687 Docet
192 4630 298 4700 famam
324 4627 472 4701 proprium
498 4645 555 4688 eon
581 4645 639 4688 erre
662 4628 872 4702 negligendam,
897 4628 1042 4758 {latrium
1069 4627 1193 4701 disparet
1222 4628 1256 4685 de
1282 4628 1428 4700 felicitate,
1457 4629 1594 4702 dicacitate
1616 4640 1642 4688 et
1667 4638 1802 4705 potestate

118 5034 314 5109 tnterroqoint
337 5034 414 5092 ieras
427 5031 583 5104 decipulas
598 5048 672 5101 acor,
696 5032 789 5090 dicens
804 5050 813 5088 :
829 5032 915 5102 Quem
929 5013 953 5080 D
969 5031 1092 5089 nerandi
1105 5030 1332 5089 contessionem.
1346 5031 1427 5089 Unde
1442 5049 1508 5088 cum
1527 5036 1632 5090 Petrus
1648 5033 1773 5090 dixisset
1790 5051 1797 5092 ι

84 5124 181 5182 dierunt
196 5125 322 5181 homines
336 5139 395 5181 crac
412 5123 517 5179 Filiam
532 5121 913 5180 bominisletcillottlaxvr.
969 5123 1004 5178 Tu
1021 5138 1048 5178 οι
1064 5121 1189 5177 caretas
1204 5120 1295 5178 Filius
1308 5121 1356 5177 Dei
1370 5121 1540 5191 ciui,statim
1553 5122 1698 5178 Dominus
1709 5123 1797 5181 iidem

15 5236 19 5241 ·
122 5213 194 5280 Quia
209 5213 295 5270 corde
310 5213 440 5269 creditur
454 5211 489 5267 ad
503 5210 717 5281 justitiam,ore
729 5214 826 5266 autem
842 5226 915 5266 oon·
969 5208 1148 5264 confirmans
1169 5207 1460 5279 respondit:i3eotas
1474 5224 1513 5278 er,
1529 5207 1625 5265 Simon
1645 5211 1794 5280 Dur-loen,

86 5301 176 5358 iessio
199 5301 232 5356 tit
254 5302 434 5358 adsalutem
458 5304 550 5371 (Rom.
571 5306 609 5369 x),
625 5297 690 5355 ideo
712 5299 845 5354 Dominus
868 5298 913 5355 in·
968 5297 1113 5369 peierare
1127 5298 1154 5351 ct
1176 5294 1293 5365 saepae
1316 5312 1370 5352 non
1395 5297 1529 5353 revelavit
1552 5298 1616 5365 tibi,
1639 5298 1686 5356 red
1712 5305 1797 5357 Pater

85 5390 242 5461 terropubnt
256 5391 404 5463 discipulos
420 5405 493 5456 auos,
508 5406 566 5446 non
579 5388 656 5460 quod
674 5387 789 5460 ignoret
805 5387 912 5457 aliqua,
967 5401 1044 5442 meur
1055 5382 1105 5459 poi
1118 5386 1157 5441 est
1172 5385 1203 5440 in
1217 5384 1302 5440 coelia.
1319 5389 1361 5441 Ac
1375 5385 1480 5443 deiude
1503 5387 1720 5444 contessionem
1746 5405 1795 5446 re·

87 5479 138 5552 qui
154 5478 233 5535 novit
248 5480 357 5551 omnia,
375 5480 426 5537 sed
452 5483 485 5536 ut
498 5495 533 5535 ex
546 5476 612 5551 ipsa
625 5476 816 5550 responsione
830 5492 913 5533 occa·
967 5488 1128 5532 munerans
1143 5471 1244 5528 intulit
1260 5489 1267 5528 :
1284 5474 1316 5530 dr
1330 5490 1376 5546 epo
1390 5474 1450 5531 dico
1464 5474 1527 5544 riti,
1537 5477 1623 5547 cuius
1638 5476 1735 5534 dicere
1750 5478 1794 5535 ta·

84 5568 199 5630 sionem
223 5573 357 5627 assumat
380 5572 410 5626 at
426 5565 621 5627 confirmandi
643 5566 745 5640 tidem,
759 5571 788 5624 et
811 5581 913 5625 remu·
967 5579 1031 5625 cero
1046 5566 1101 5632 eat,
1128 5563 1194 5636 pcto
1216 5565 1248 5620 tu
1266 5579 1296 5620 er
1318 5566 1469 5635 Patrensi
1488 5581 1573 5640 saper
1595 5566 1795 5639 luncuernet
