3796 5986
87 239 142 297 861
455 245 505 299 DB
522 243 639 302 stulto
655 244 811 301 ALTARIS
830 242 1013 299 uusrsmo
1032 244 1126 299 ulem
1144 243 1225 299 SEX.
1242 270 1277 282 -
1290 241 1357 297 me.
1378 240 1428 296 lv.
1742 239 1799 296 862

48 390 50 395 ·
89 367 215 424 tantiam
231 366 329 423 carnis
354 371 382 423 et
404 367 536 441 sanguis,
562 384 615 424 nec
640 367 780 439 adjicitur
803 365 913 440 aliquid
930 368 957 434 Α
972 365 1165 439 prolationem
1182 364 1301 422 illorum
1317 363 1472 422 verborum
1495 379 1603 437 corpus
1618 369 1647 421 et
1673 364 1796 438 sanguis
1848 408 1850 412 μ

89 457 218 530 corpori,
234 456 284 513 sed
302 457 603 514 transsubstantiatur
617 458 646 514 in
663 473 781 530 corpus.
969 456 1079 514 Christi
1095 457 1235 514 veraciter
1249 455 1395 530 incipiunt
1409 472 1474 512 esse
1486 455 1542 511 sub
1566 454 1637 527 illis,
1654 455 1694 512 ita
1717 456 1794 528 quod

405 546 514 603 CAPUT
530 548 604 604 v111.
970 545 1025 603 sub
1041 546 1153 603 eisdem
1169 546 1379 615 ¹accidentibus
1405 549 1562 617 utrumque
1585 561 1651 602 vera
1670 545 1797 602 sumitur

181 636 266 708 Quod
276 635 328 691 snb
343 639 398 692 tolo
414 638 506 701 fornic
521 640 608 692 totum
624 651 723 709 corpus
738 635 844 692 existit.
971 634 1056 707 panis
1070 640 1098 691 et
1108 651 1186 706 caro,
1202 635 1303 692 vinnm
1317 640 1347 691 et
1367 633 1500 708 sanguis,
1516 649 1642 705 quorum
1669 632 1794 690 alterum

127 724 236 781 Varum
253 742 289 780 an
305 730 403 798 partes
417 725 448 781 in
463 732 570 797 partes,
590 729 686 782 totum
701 724 731 780 in
757 729 862 795 totum,
878 740 916 779 an
970 725 1076 798 probat
1084 740 1200 794 sensus,
1213 724 1359 798 reliquum
1370 724 1462 781 credit
1470 723 1553 780 fides.
1564 724 1597 778 Hi
1609 723 1795 795 dicuntquod

89 815 180 872 totale
195 818 327 870 transeat
341 814 371 870 in
386 812 487 883 totale,
504 813 583 870 novit
608 811 657 870 ille
682 814 733 886 qui
750 812 829 869 facit.
857 813 915 885 Ego
971 814 1137 871 substantia
1152 815 1237 887 panis
1251 814 1397 888 frangitur
1410 819 1440 870 et
1454 813 1599 881 atteritur,
1622 813 1796 869 inducentes

91 904 168 977 quod
180 905 331 960 residuum
348 907 390 960 est
405 902 467 976 igni
482 902 623 959 comburo
639 903 916 975 ;namcredereju·
972 904 1006 960 ad
1024 902 1080 960 boc
1101 902 1174 959 illud
1200 904 1277 975 quod
1300 903 1372 959 dicit
1395 903 1578 975 Apostolus:
1602 903 1687 957 Panis
1716 918 1797 973 quem

93 994 207 1064 hamur,
222 993 368 1049 discutere
384 992 584 1064 prohibemur.
602 992 632 1049 Si
643 996 741 1048 tamen
758 992 918 1064 querentis
968 993 1128 1064 srcnpisnus
1143 993 1165 1065 (l
1180 992 1240 1049 Cor.
1257 994 1302 1063 xl,
1318 996 1347 1048 et
1361 991 1475 1048 Lucas:
1500 992 1559 1048 ffnc
1582 990 1696 1047 Sottoti
1720 1007 1796 1047 cnm·

89 1083 181 1140 instet
195 1082 369 1154 improbitas
383 1098 436 1154 ego
451 1081 533 1137 salva
543 1081 600 1138 fide
615 1081 824 1150 concesserim,
838 1081 916 1152 quod
971 1080 1189 1138 convenissemus
1203 1082 1238 1138 cd
1259 1080 1446 1154 tronpendnm
1470 1096 1570 1152 ponem
1593 1080 1662 1153 (rtet.
1687 1083 1744 1152 xx).
1762 1079 1798 1135 Hi

91 1170 191 1228 totalis
206 1170 290 1244 panis
305 1173 335 1227 in
352 1170 441 1227 totale
456 1186 563 1242 corpus
576 1171 766 1241 convertitur,
782 1171 824 1227 ita
838 1171 916 1243 quod
971 1168 1055 1227 facila
1069 1169 1186 1227 solvunt
1200 1171 1392 1245 questionem
1402 1169 1492 1242 illam,
1504 1186 1562 1242 qua
1572 1168 1714 1241 queritur
1725 1166 1796 1238 quid

92 1260 177 1318 nulla
200 1276 270 1332 pars
293 1259 401 1316 transit
423 1260 453 1316 in
481 1259 612 1332 aliquam
637 1264 750 1332 partem
774 1260 915 1333 corporis.
972 1275 1088 1317 amore
1103 1260 1277 1330 comeditur,
1293 1276 1360 1316 cum
1376 1264 1594 1316 sacromentum
1609 1275 1658 1315 cor
1673 1258 1797 1325 roditur,

92 1353 169 1407 lteor
180 1355 279 1406 autem
294 1349 374 1406 salva
388 1348 456 1406 fidei
476 1351 637 1420 majestate,
663 1349 741 1422 quod
763 1349 813 1406 ubi
833 1349 917 1423 panis
973 1347 1312 1406 comedituraecundum
1324 1348 1390 1406 illos
1400 1348 1450 1404 illa
1459 1349 1544 1422 panis
1555 1348 1731 1416 substantia,
1742 1346 1798 1404 suh

93 1443 139 1496 est
150 1442 348 1510 consecratus,
364 1440 421 1494 suh
436 1442 499 1495 tota
512 1437 620 1510 speeie,
630 1441 725 1495 totum
736 1455 844 1512 corpus
856 1439 918 1495 exi·
973 1454 1032 1511 qua
1047 1454 1154 1511 eorpus
1165 1438 1277 1496 christi
1291 1455 1357 1495 essa
1373 1455 1438 1495 mos
1448 1436 1566 1495 desinit.
1582 1436 1669 1493 Porro
1681 1433 1798 1508 qualem

94 1529 157 1585 stit.
173 1528 347 1583 sicutenim
363 1525 612 1583 miraculosetam
635 1543 776 1600 magnum
800 1544 917 1600 corpus,
973 1528 1152 1602 significanti
1163 1529 1285 1585 modum
1296 1528 1384 1585 hahet
1395 1544 1501 1585 nomeu
1514 1527 1675 1584 accidentia
1686 1528 1715 1582 in
1727 1525 1799 1599 phy·

94 1618 151 1675 sub
166 1622 224 1673 tam
242 1633 330 1688 parva
344 1616 439 1672 forma
453 1615 651 1683 concluditur,
676 1616 718 1673 ita
743 1616 919 1674 miraculosa
972 1617 1034 1675 sica
1046 1618 1195 1685 facultate,
1212 1617 1300 1675 talem
1311 1618 1456 1675 existendi
1473 1617 1593 1674 modum
1607 1616 1698 1673 habet
1722 1615 1799 1673 acci·

94 1710 189 1764 totum
203 1722 309 1778 corpus
324 1706 354 1760 in
370 1705 498 1777 singulis
514 1705 649 1776 partibus
663 1704 917 1778 contineturquod
973 1706 1047 1763 dans
1063 1706 1191 1764 nominis
1206 1707 1235 1762 in
1250 1705 1415 1779 theologica
1428 1706 1561 1763 veritate.
1572 1710 1644 1762 Nam
1653 1705 1730 1762 sicut
1744 1703 1801 1761 hoc

92 1792 486 1867 indeconjicio,quoniamin
496 1798 686 1867 quotcunque
697 1800 795 1867 partes
805 1797 917 1868 speeies
974 1812 1083 1852 nomen
1097 1797 1197 1853 album
1213 1796 1363 1870 signifieat
1376 1796 1513 1853 accidens
1527 1795 1557 1850 in
1580 1793 1758 1861 substantia,
1771 1793 1800 1849 id

93 1882 340 1953 dividantur,suh
350 1883 617 1955 singullspartibus
630 1886 719 1952 totus,
734 1883 921 1942 estchriatus
973 1890 1020 1942 est
1035 1886 1065 1941 in
1080 1886 1255 1956 adjacentia,
1270 1885 1322 1942 sed
1336 1885 1392 1943 hoo
1407 1900 1513 1941 nomen
1528 1883 1631 1941 albede
1653 1882 1802 1955 significat

93 1977 177 2031 totus
188 1973 217 2028 in
234 1988 351 2044 magno,
363 1976 441 2028 totus
456 1972 484 2027 in
497 1988 596 2044 parvo,
609 1977 688 2028 totus
699 1972 729 2028 in
745 1971 868 2045 integro,
880 1977 921 2029 to-
974 1974 1184 2032 accidanasina
1199 1976 1342 2046 subjecto,
1358 1974 1387 2030 id
1402 1980 1448 2031 est
1456 1973 1486 2029 in
1499 1974 1654 2030 existentia
1664 1989 1672 2028 ε
1684 1972 1802 2028 sicants

92 2066 143 2120 tus
154 2062 184 2118 in
195 2062 296 2118 fracto.
313 2061 378 2118 Soio
388 2065 488 2117 tamen
500 2060 578 2132 quod
589 2061 698 2117 dicitur
709 2078 727 2118 a
740 2062 920 2132 quibusdam
974 2064 1225 2121 consecrationem
1239 2064 1376 2122 accidens
1391 2067 1436 2119 ast
1446 2062 1476 2118 in
1492 2063 1635 2133 subjecto,
1659 2058 1800 2133 quoniam

93 2152 173 2224 quod
190 2151 318 2222 quandiu
334 2150 445 2223 speeies
456 2149 540 2222 panis
551 2149 665 2223 integra
680 2155 853 2223 perseverat,
864 2152 920 2209 sub
974 2152 1110 2210 existitin
1121 2153 1189 2210 alio.
1200 2154 1257 2210 Sed
1268 2158 1336 2226 post
1346 2151 1598 2210 consecrationem
1612 2149 1748 2207 accidens
1757 2152 1802 2209 eat

93 2240 177 2298 totali
193 2241 288 2313 specie
303 2239 624 2310 totalccorpusexistit.
638 2239 691 2296 Ubi
701 2256 768 2297 vero
780 2240 922 2297 dividitur
975 2240 1039 2297 sine
1051 2241 1195 2312 subjecto,
1206 2242 1347 2313 quoniam
1363 2240 1462 2297 existit
1477 2256 1528 2312 per
1541 2256 1584 2306 se,
1600 2240 1708 2295 transit
1719 2239 1799 2295 enim

94 2330 126 2386 in
142 2327 269 2400 singulis
284 2327 478 2384 divisionibus
493 2328 671 2401 incipitsase
682 2333 787 2386 totum.
801 2330 920 2387 Sioutin
975 2328 1154 2396 substantia,
1171 2330 1222 2385 sed
1239 2338 1392 2386 remanent
1405 2328 1566 2384 accidentia
1582 2345 1588 2385 :
1618 2343 1672 2383 nec
1693 2326 1802 2382 dieitur

93 2417 216 2491 speculo
232 2418 303 2473 dum
318 2422 364 2474 est
378 2415 523 2487 integrum
541 2434 601 2473 una
615 2421 732 2473 tantum
743 2423 865 2491 apparet
879 2419 922 2475 in·
975 2418 1111 2473 accidens
1126 2417 1156 2474 in
1171 2417 1197 2473 vi
1215 2417 1372 2491 participii,
1389 2417 1440 2474 sed
1453 2417 1657 2489 accipiendum
1668 2425 1714 2473 est
1729 2415 1759 2470 in
1776 2413 1803 2470 ui

93 2504 249 2580 spiciantis
264 2507 361 2580 imago
379 2523 386 2563 :
403 2506 455 2562 sed
470 2521 504 2562 eo
519 2506 622 2576 fracto,
634 2509 677 2563 tot
690 2507 922 2579 apparautima·
975 2505 1115 2562 nominis.
1132 2505 1214 2563 Sicut
1228 2507 1309 2562 enim
1322 2506 1362 2562 ibi
1374 2505 1541 2563 substantia
1553 2505 1683 2577 corporis
1697 2503 1803 2561 eatubi

92 2597 179 2668 gines
193 2594 271 2667 quod
287 2600 359 2651 sunt
374 2594 403 2651 in
420 2611 453 2650 eo
470 2595 616 2649 fracture.
634 2598 723 2651 Porro
746 2611 813 2652 oum
843 2595 921 2653 Deus
976 2595 1071 2651 forma
1086 2596 1216 2667 corporis
1232 2612 1289 2651 non
1304 2595 1430 2664 videtur,
1442 2595 1485 2651 sic
1500 2594 1541 2653 ihi
1556 2593 1650 2651 forma
1661 2593 1747 2665 panis
1758 2593 1804 2649 vi-

94 2683 178 2742 illam
196 2684 334 2740 virtutem
350 2683 446 2740 verbis
456 2682 623 2750 contulerit,
638 2688 668 2739 ut
680 2684 715 2740 ad
727 2684 920 2756 prolationem
975 2684 1072 2753 detur,
1088 2685 1136 2740 ubi
1147 2685 1315 2741 substantia
1324 2684 1409 2756 panis
1421 2700 1479 2740 non
1491 2688 1548 2750 est,
1560 2699 1613 2739 nec
1625 2687 1671 2739 ast
1681 2681 1747 2739 aliis
1761 2681 1801 2739 ibi

94 2789 198 2830 eorum
213 2789 320 2846 corpus
334 2772 520 2829 Dominicum
536 2772 655 2845 incipiat
669 2790 734 2830 essa
749 2774 805 2830 suh
825 2775 923 2847 specie
976 2774 1061 2848 panis
1072 2773 1130 2830 nisi
1140 2790 1207 2831 caro
1218 2773 1409 2846 Christique
1421 2774 1539 2831 nomine
1549 2771 1634 2845 panis
1644 2772 1804 2845 aliquando

95 2862 283 2929 sacramenti,
300 2878 351 2918 nec
366 2860 417 2917 illa
430 2862 520 2917 verba
533 2861 717 2933 proferantur
729 2863 757 2918 in
770 2862 922 2934 fractione,
976 2862 1159 2935 designatur.
1174 2862 1265 2920 Juxta
1278 2869 1357 2935 quod
1373 2862 1519 2919 Dominus
1532 2863 1574 2917 ait
1591 2877 1598 2917 ε
1622 2862 1710 2917 Panis
1723 2876 1805 2934 quern

97 2950 255 3024 diligenter
269 2951 431 3016 attendant,
448 2954 476 3006 et
489 2949 547 3023 ipsi
563 2951 758 3023 respondeant
773 2953 850 3010 unde
863 2969 923 3010 cor·
976 2968 1024 3023 epe
1039 2953 1122 3023 οοὺο,
1136 2969 1201 3010 earo
1216 2969 1279 3009 meo
1293 2962 1334 3009 eat
1346 2968 1397 3025 pro
1410 2952 1510 3008 mandi
1525 2953 1581 3008 uite
1597 2952 1687 3022 (loon.
1702 2950 1761 3020 vr),
1776 2952 1805 3005 at

98 3057 155 3114 pus
171 3039 278 3096 Christi
293 3039 370 3112 quod
386 3043 454 3096 anta
469 3038 641 3095 fractionem
658 3056 715 3096 non
740 3040 770 3096 in
796 3042 923 3114 singulis
978 3042 1156 3114 Apostolus:
1173 3043 1393 3116 Quotiescunque
1408 3040 1806 3112 manducabitisponcmbanc

100 3129 235 3204 partibus
250 3132 314 3185 erat
326 3131 433 3200 totum,
449 3127 499 3184 sed
516 3128 571 3185 sub
586 3128 669 3185 totali
684 3129 781 3202 speeie
795 3131 926 3188 totaliter
941 3112 962 3182 G
979 3136 1006 3188 et
1018 3132 1135 3188 calicem
1150 3133 1250 3189 bibetis
1265 3133 1288 3205 (l
1313 3132 1375 3188 Cor.
1396 3132 1447 3202 xi).
1471 3131 1533 3189 Nou
1557 3129 1636 3187 enim
1661 3129 1805 3185 debemus

101 3217 254 3288 asistebat,
271 3220 337 3290 post
353 3216 524 3273 fractionem
540 3217 570 3272 in
585 3216 718 3290 singulas
733 3225 832 3293 partos
851 3236 926 3292 quo·
980 3237 1110 3294 quarere
1120 3226 1256 3279 naturam
1267 3219 1509 3293 ingrediensque
1519 3217 1763 3275 consuetudinem
1774 3216 1805 3272 in

102 3309 172 3365 dam
188 3308 274 3364 modo
286 3304 395 3363 secedit
409 3311 438 3363 et
452 3305 626 3378 incipitesse
640 3307 812 3382 siugulatim
823 3309 853 3365 in
864 3312 926 3368 ain·
981 3310 1136 3368 miraculo.
1151 3310 1214 3367 Non
1240 3309 1336 3367 solum
1361 3307 1566 3377 accidentales,
1592 3321 1694 3363 varum
1715 3305 1804 3362 etiam

102 3393 927 3472 gulispartibusquodintegralitereratinintegro.Licet
981 3398 1131 3455 naturales
1146 3398 1339 3470 proprietates
1354 3412 1505 3453 remanere
1530 3396 1676 3463 videntur,
1700 3392 1804 3465 pauci·

103 3487 202 3541 autem
220 3500 326 3556 eorpus
342 3482 526 3539 Dominicum
542 3483 620 3540 sitin
632 3483 695 3541 loco
706 3485 808 3555 locale,
820 3489 926 3559 queri·
981 3491 1026 3543 tas
1041 3503 1107 3559 quae
1122 3488 1283 3543 saturando
1299 3488 1404 3541 famem
1421 3484 1551 3556 expellit,
1565 3487 1594 3538 et
1615 3483 1722 3538 vinitas
1739 3497 1803 3554 qua

98 3576 148 3629 tur
162 3575 260 3628 tamen
275 3575 372 3626 utrum
388 3569 418 3625 in
434 3575 617 3628 sacramento
630 3572 668 3628 ait
682 3572 810 3630 locatum
825 3574 927 3633 locali·
979 3575 1114 3633 satiando
1125 3575 1205 3631 sitim
1213 3575 1381 3645 exstinguit.
1395 3574 1531 3630 Dicamus
1543 3587 1611 3644 ergo
1622 3572 1700 3644 quod
1711 3571 1806 3628 forma

97 3666 152 3731 ter,
169 3661 256 3717 idest
272 3665 370 3716 utrum
388 3660 475 3717 faciat
495 3661 616 3719 localem
637 3663 820 3733 distantiam,
845 3678 872 3724 et
888 3684 926 3724 en
980 3667 1066 3738 panis
1080 3665 1225 3738 frangitur
1239 3669 1268 3721 at
1282 3663 1426 3734 atteritur,
1443 3663 1494 3720 sed
1510 3661 1618 3719 Christi
1637 3661 1767 3717 sumitur
1775 3664 1805 3716 et

98 3751 207 3809 babeat
221 3749 344 3808 localem
371 3751 471 3821 situm,
484 3756 517 3808 ut
544 3750 602 3808 dici
621 3752 726 3810 debeat
749 3756 817 3825 quia
836 3757 924 3829 jacet,
979 3756 1154 3812 comeditur.
1170 3753 1210 3810 lla
1224 3753 1358 3810 videlicet
1373 3769 1437 3826 que
1453 3757 1558 3808 notant
1584 3749 1803 3823 corruptionem

96 3840 181 3897 sedat
195 3845 247 3896 aut
261 3839 345 3897 stat?
361 3840 417 3897 Sed
433 3845 463 3897 et
477 3839 535 3897 alia
551 3840 645 3897 multa
661 3843 740 3899 circa
752 3851 925 3916 presentem
979 3845 1137 3903 referentes
1158 3846 1193 3901 ad
1210 3842 1332 3900 formam
1350 3843 1445 3915 panis,
1465 3859 1500 3898 ea
1522 3856 1591 3897 vero
1612 3857 1676 3913 quae
1700 3841 1804 3896 notant

94 3929 254 3986 articulum
271 3932 395 4002 possunt
412 3928 532 4001 inquiri,
548 3946 612 4003 qua
625 3930 729 3989 arelius
751 3938 796 3990 est
816 3933 926 3992 intacta
979 3936 1176 4009 acceptionem
1194 3934 1230 3990 ad
1246 3949 1352 4005 corpus
1368 3931 1487 3987 christi.

96 4017 264 4091 relinquare
279 4035 367 4092 quam
384 4022 494 4075 temere
509 4018 637 4076 diffinire
655 4037 742 4088 ;nam
754 4021 851 4080 bestia
861 4041 925 4096 quaa
1308 4021 1422 4079 CAPUT
1438 4019 1471 4076 X.

94 4110 217 4180 uespere
232 4110 363 4174 monum,
379 4107 560 4180 lapidabitur
574 4107 671 4181 (deod.
688 4111 758 4181 xm),
772 4112 867 4169 tutius
877 4119 924 4172 est
1186 4113 1225 4170 De
1237 4112 1405 4183 consessione
1417 4108 1591 4181 Berenporii.

96 4201 127 4258 in
140 4199 250 4256 talibus
259 4199 333 4255 citra
347 4197 489 4254 rationem
502 4198 675 4271 subsistere,
688 4216 776 4273 quam
793 4201 871 4260 ultra
882 4222 926 4260 ra·
1014 4203 1208 4276 Borangarius
1223 4200 1332 4273 quippe
1346 4204 1502 4270 suspectus
1517 4196 1679 4254 habebatur
1692 4195 1729 4252 de
1743 4193 1802 4250 ha·

95 4289 206 4346 tionem
221 4289 371 4357 excedere,
388 4303 423 4344 ne
441 4288 514 4345 forte
535 4289 612 4360 qued
638 4288 715 4346 absit
731 4291 737 4346 t
763 4306 828 4348 osen
851 4294 925 4364 repis
977 4292 1078 4362 resi,et
1093 4309 1128 4350 ne
1144 4296 1309 4348 remaneret
1323 4289 1428 4363 anguis
1444 4287 1473 4343 in
1485 4286 1587 4356 herba,
1603 4286 1640 4342 ad
1657 4285 1799 4357 majorem

95 4379 220 4437 idemne
232 4376 404 4449 redigantur
418 4377 448 4432 in
460 4377 583 4433 cinerem
599 4378 701 4450 (Amos.
716 4379 758 4452 u).
977 4380 1195 4456 expressionem
1210 4396 1308 4436 coram
1324 4377 1443 4434 Nicolao
1458 4393 1533 4450 papa
1552 4374 1714 4448 multisque
1728 4391 1804 4448 pre-

420 4465 531 4523 CthT
546 4465 594 4522 IX·
939 4471 1096 4547 [paulibus
1110 4474 1156 4528 ast
1179 4470 1342 4537 confessus,
1369 4482 1475 4541 panem
1497 4465 1661 4531 stetinum,
1687 4480 1751 4537 que
1774 4462 1804 4519 in

95 4560 137 4614 lle
147 4556 294 4629 tructione,
311 4555 359 4611 uhi
372 4553 476 4610 dicitur
489 4571 576 4628 quare
589 4555 748 4629 [ruetiofiot
761 4563 788 4616 et
801 4559 923 4618 attritio.
978 4559 1063 4618 altari
1079 4562 1228 4635 ponuntur
1256 4562 1322 4632 post
1347 4555 1609 4624 consecrationem,
1625 4569 1683 4610 non
1709 4552 1806 4610 solum

133 4643 234 4718 Frepit.
249 4644 328 4701 Solet
343 4662 360 4701 a
375 4642 477 4701 multis
489 4644 609 4717 inquiri,
625 4647 676 4702 sed
691 4664 709 4703 a
723 4648 826 4721 paucis
841 4649 925 4707 intel·
979 4654 1207 4716 sacramentum,
1223 4647 1274 4703 aad
1290 4646 1378 4703 etiam
1393 4660 1495 4701 verum
1511 4659 1618 4717 corpus
1642 4645 1671 4699 at
1685 4640 1808 4715 sangui·

97 4733 150 4807 ligi
166 4732 234 4805 quid
250 4731 387 4789 Christus
402 4736 473 4788 tunc
487 4731 517 4787 in
530 4748 631 4789 mensa
641 4734 739 4807 fregit,
753 4737 864 4808 etquid
876 4754 924 4794 aa·
979 4754 1047 4795 nem
1061 4735 1171 4795 Christi
1185 4751 1260 4808 essa,
1275 4741 1304 4792 et
1318 4733 1494 4793 sensualiter
1508 4750 1567 4790 non
1591 4730 1687 4789 solum
1710 4747 1807 4788 sacra·

98 4823 202 4881 cerdos
217 4823 247 4878 in
263 4822 348 4883 altari
365 4839 443 4878 nunc
458 4822 578 4896 frangit.
593 4826 723 4880 Fuerunt
733 4826 783 4897 qui
795 4827 925 4885 dicarant
980 4831 1124 4893 mentum,
1139 4825 1284 4881 sedetiam
1295 4825 1457 4881 inveritate
1468 4823 1606 4880 manibus
1617 4821 1803 4877 sacerdotum

99 4915 191 4986 quod,
207 4911 285 4969 sicut
300 4917 367 4984 post
381 4913 634 4969 consecrationem
645 4930 712 4969 vera
728 4915 814 4987 panis
829 4933 923 4974 rema·
979 4915 1098 4974 tractari
1114 4919 1143 4970 at
1158 4913 1263 4987 frangi,
1280 4914 1369 4969 etiam
1387 4913 1517 4968 fidelium
1542 4911 1680 4967 dentibus
1706 4907 1802 4964 atteri.

100 5006 171 5058 nant
184 5001 356 5069 accidentia,
373 5001 415 5056 aie
429 5005 459 5057 et
472 5017 538 5058 vara
555 5003 641 5074 panis
664 5004 844 5071 substantia,
855 5007 926 5078 quia
980 5003 1042 5062 Non
1058 5009 1156 5061 autam
1172 5019 1278 5074 corpus
1293 5001 1402 5059 Christi
1414 5000 1458 5058 vel
1475 5001 1503 5057 in
1521 5003 1618 5073 partes
1653 4995 1807 5065 dividitur,

100 5091 179 5147 sicut
194 5090 360 5161 subjectum
377 5106 434 5145 non
451 5094 547 5162 potest
562 5091 626 5147 sina
642 5091 843 5150 accidentibus
868 5095 928 5152 exi·
982 5093 1025 5151 vel
1040 5092 1342 5160 dentibuslaeeratur,
1358 5106 1423 5147 oum
1439 5090 1477 5147 sit
1488 5087 1653 5144 immortale
1663 5087 1806 5157 etimpas·

101 5185 188 5247 atera,
205 5179 247 5235 sic
263 5177 425 5235 accidentia
441 5195 499 5235 uon
515 5181 770 5253 possuntexistere
784 5182 927 5241 sincsub·
982 5184 1086 5252 sibile;
1106 5184 1156 5239 sad
1172 5181 1201 5238 in
1217 5198 1276 5256 qua
1291 5198 1321 5237 re
1336 5181 1385 5236 flat
1401 5175 1556 5235 fractiorel
1572 5173 1683 5231 attritio
1699 5174 1731 5230 B.
1747 5175 1806 5229 hu·

98 5267 427 5342 jectot38l.ttccldantis
439 5268 708 5327 essenonastaliud
719 5286 809 5343 quam
819 5271 926 5331 inesse.
982 5272 1120 5346 gostinus
1131 5270 1270 5338 ostendit,
1282 5269 1383 5325 dicens
1395 5284 1402 5323 :
1414 5290 1428 5318 a
1445 5266 1567 5334 Quando
1577 5263 1710 5321 Christus
1722 5278 1806 5318 man·

104 5358 160 5416 Sed
178 5358 262 5430 panis
285 5362 313 5413 et
336 5356 395 5412 vini
424 5357 598 5414 substantiis
618 5361 871 5435 permanentibus,
891 5362 928 5420 ad
983 5363 1118 5430 dueatur,
1134 5360 1227 5417 reficit
1242 5365 1271 5417 et
1282 5376 1340 5415 non
1355 5356 1452 5413 delicit
1472 5354 1528 5411 Nec
1544 5352 1662 5426 quando
1686 5352 1808 5409 mandu-

138 5483 498 5613 (ssluqrobataeubee
509 5483 737 5567 opinioauhhoc
748 5488 927 5560 pontificale
985 5490 1121 5546 Trinitas
1134 5487 1181 5559 fid.
1197 5486 1271 5545 cath.
1289 5487 1322 5542 ut
1336 5485 1423 5556 longe
1436 5487 1504 5540 anta
1533 5481 1688 5555 reprobata
1716 5479 1805 5537 faita

105 5555 231 5615 concilio
269 5560 448 5624 ataranenm,
465 5560 497 5610 ut
512 5559 590 5627 patet
603 5561 740 5629 extract.
765 5558 803 5617 De
819 5575 929 5620 summo
982 5561 1012 5618 S.
1029 5561 1192 5617 Ambrosio.
