3796 5986
51 258 110 314 529
496 259 620 317 mtto
635 259 711 327 XVI,
730 259 767 313 IN
786 255 900 313 FRSTO
916 257 948 313 fl.
967 256 1120 316 JOANNIS
1138 260 1331 317 BAP'l'lS'l'AE.
1713 262 1768 322 530

52 384 148 441 tinere
164 401 222 441 non
238 400 370 458 possum,
387 383 502 442 discute
513 384 590 457 quod
606 384 691 451 dicis,
703 383 770 439 vide
785 386 884 439 utrum
900 383 1078 451 Asianum
1094 382 1229 457 elegeris,
1245 383 1336 440 alliud
1354 385 1460 443 babere
1472 403 1530 443 non
1545 388 1675 459 poteris;
1692 389 1768 463 elige

51 491 106 547 pro
117 479 199 531 certo
210 475 308 549 possis
319 495 327 545 ;
339 475 425 532 credo
438 474 603 547 enimquod
615 490 728 548 posses,
741 473 765 530 si
777 471 882 540 velles,
938 487 1006 545 ergo
1017 473 1095 544 quod
1108 473 1179 529 vis.»
1191 473 1273 531 Ofilii
1287 474 1453 547 hominum,
1464 475 1618 548 intendite,
1635 479 1706 551 quid
1718 479 1767 535 bio

52 581 152 638 posse,
168 565 324 622 sitantum
350 564 455 637 Deum,
485 568 628 637 quantum
656 564 771 620 oculum
797 566 881 619 tuum
936 562 1345 636 sociusveaterrespondeat,
1371 564 1465 622 videte
1487 565 1558 638 quid
1578 565 1765 640 eligat.«Sl,

49 654 202 728 diligeres·
935 651 1043 724 inquit,
1061 651 1146 707 aliter
1155 653 1376 709 communicare
1392 670 1517 727 nequeo,
1528 654 1584 711 nisi
1597 657 1761 713 castitatem

88 766 103 794 a
121 749 193 801 ileoe
208 744 262 800 tibl
277 743 616 817 facioquestionem,dn
632 760 730 801 veram
756 760 879 817 raspon-
936 741 1117 814 promittam,
1143 741 1250 799 melius
1279 743 1342 798 volo
1368 743 1486 800 differre
1509 745 1762 819 communionem,

49 833 179 891 sionem.
195 834 224 890 Si
241 836 328 891 modo
343 832 464 890 tentatio
478 833 688 906 superveniens
699 839 726 889 to
742 834 777 889 ad
794 831 878 889 luxu·
935 847 1024 904 quam
1042 831 1120 887 ultra
1136 848 1234 887 mcum
1252 848 1337 904 posse
1358 834 1433 889 lerre
1457 834 1695 905 promissionem.
1713 836 1762 892 »Ο

48 922 126 981 riam
146 928 326 996 provocaret,
343 922 368 979 si
385 922 523 980 diabolus
538 922 704 995 instigaret,
719 922 744 979 si
760 939 828 978 earo
842 923 878 978 ti·
933 920 1026 977 stulta
1042 920 1205 993 responsio,
1222 921 1376 979 cludaica
1390 921 1502 980 electio.
1516 925 1590 990 Quid
1602 926 1762 997 responde·

47 1011 315 1079 tillaret,sictiam
331 1011 880 1085 mulierimpudenteretirreverenter
931 1015 1003 1066 runt
1019 1010 1110 1067 Pilato
1124 1010 1324 1068 ludaeitNon
1337 1011 1426 1083 bunc,
1438 1014 1488 1069 sed
1502 1014 1669 1070 Baratbam.
1685 1015 1760 1080 Quid
1843 1020 1847 1027 '

47 1118 80 1159 se
95 1102 259 1173 ingereret,
274 1108 304 1159 et
318 1118 348 1158 se
363 1105 454 1158 totam
470 1102 504 1156 sd
517 1102 698 1175 peccandum
710 1106 877 1174 exponeret,
932 1101 1086 1172 respondit
1098 1099 1192 1157 Filius
1206 1100 1336 1157 hominis
1352 1102 1531 1167 ,sacerdotii
1549 1103 1578 1157 Si
1604 1104 1761 1160 verborum

50 1195 125 1247 tene
140 1193 170 1246 in
186 1192 251 1264 ipso
263 1190 435 1247 tentationis
445 1191 559 1252 ardore.
574 1192 599 1246 si
612 1208 663 1263 pro
685 1195 763 1246 certo
786 1190 878 1247 scires
930 1189 1183 1260 ejusdisautimus
1194 1206 1325 1257 sensum,
1335 1190 1405 1262 quid
1417 1191 1498 1247 aliud
1512 1192 1758 1264 respondet,nisi,

50 1281 130 1352 qaod
145 1279 263 1335 oculum
281 1280 417 1353 perderes
433 1280 457 1335 si
474 1295 540 1335 cum
557 1296 590 1337 aa
604 1295 750 1351 peccares,
764 1280 810 1336 dic
826 1297 877 1353 pro
932 1299 947 1329 «
963 1277 1025 1333 Non
1041 1277 1203 1347 Christum,
1220 1279 1270 1334 sed
1288 1281 1418 1334 scortum
1433 1278 1447 1333 i
1463 1301 1476 1328 n
1492 1280 1565 1344 Quid
1582 1280 1661 1335 enim
1678 1279 1757 1337 aliud

48 1369 109 1426 Deo
124 1369 195 1442 quid
208 1369 318 1425 laceres
329 1368 343 1423 i
353 1373 455 1424 Nonne
471 1367 569 1424 statim
581 1369 685 1425 horror
693 1370 813 1442 quidam
827 1386 877 1441 per
930 1367 1013 1434 dicit,
1026 1383 1093 1423 cunr
1110 1367 1180 1424 dicit
1195 1384 1201 1422 :
1218 1390 1232 1417 «
1251 1367 1355 1424 Melius
1370 1366 1435 1425 volo
1449 1368 1755 1425 communionemdil·

48 1554 147 1606 totum
163 1552 365 1620 occupaverat,
375 1548 654 1621 sopiretur‘lNonne
666 1548 759 1622 ipsam
769 1548 876 1605 mulie·
929 1547 1063 1604 colosum
1080 1547 1209 1617 differre,
1224 1565 1240 1605 o
1257 1547 1357 1605 inielix
1372 1547 1419 1604 hic
1432 1549 1558 1618 differre,
1575 1549 1755 1621 quandopo-

48 1654 114 1694 ηοω
129 1637 302 1694 abhorreres
312 1637 327 1694 l
337 1638 439 1694 Nnnno
453 1641 482 1694 el
497 1653 595 1711 pugno
605 1654 668 1694 eam
685 1638 877 1711 percuteres?
929 1640 974 1693 tes
987 1637 1061 1693 scire
1070 1638 1143 1693 l'erre
1153 1637 1167 1692 i
1177 1637 1279 1693 Nonne
1290 1637 1396 1693 melius
1409 1637 1462 1693 tibi
1474 1642 1553 1694 esset
1562 1637 1754 1695 tentationem

47 1727 136 1784 Modo
151 1729 269 1784 attendo
283 1727 355 1800 quid
370 1727 447 1784 soles
462 1727 558 1784 dicere
575 1744 581 1783 :
598 1726 873 1799 Vellemebstinece,
891 1759 916 1825 B
931 1726 1063 1794 sufferre,
1080 1743 1168 1800 quam
1185 1726 1422 1783 communionem
1439 1727 1566 1784 differre.
1583 1727 1755 1784 sufferentia

47 1816 70 1872 si
83 1832 215 1890 possem.
228 1821 298 1872 iteca
309 1822 402 1888 potes,
415 1817 484 1888 quia
500 1815 619 1873 oculum
637 1817 759 1889 perdere
774 1817 874 1874 times.
932 1817 1051 1890 quidem
1067 1816 1239 1873 tentationis
1264 1817 1372 1873 laceret
1395 1821 1423 1873 te
1448 1817 1578 1885 beatum,
1604 1817 1661 1874 ista
1685 1834 1753 1875 vero

47 1906 131 1971 Quod
151 1910 234 1979 polos
248 1922 301 1978 per
314 1906 445 1975 oculum,
463 1922 521 1962 non
537 1915 619 1978 potes
628 1923 680 1978 per
691 1911 800 1964 Deum:
817 1907 874 1964 nisi
929 1906 1145 1963 communionis
1160 1905 1261 1962 dilatio
1277 1923 1334 1962 non
1346 1905 1480 1979 absolvit,
1497 1908 1548 1963 sed
1573 1912 1660 1980 auget
1687 1923 1750 1964 rea·

46 1996 120 2068 quia
136 1995 203 2069 plus
221 1995 322 2067 diligis
335 1995 463 2067 oculum,
480 2012 569 2068 qiram
581 1995 673 2052 Deum
692 1999 703 2052 i
722 2013 792 2053 ηηω
809 1996 875 2069 plus
928 2001 1003 2053 tum.
1018 2019 1032 2046 a
1049 1997 1155 2052 Beatus
1169 1995 1245 2051 enim
1258 1995 1619 2068 quisullerttentatinnem
1632 1996 1699 2069 (lac.
1712 2002 1751 2067 r);

45 2085 126 2142 valet
137 2085 251 2155 oculus,
268 2100 356 2156 quam
372 2083 545 2141 DeuslNoli
556 2084 656 2158 ltaque
677 2085 773 2143 dicere
797 2087 873 2158 quud
929 2088 980 2143 sed
998 2103 1038 2141 vae
1054 2084 1108 2153 illi,
1123 2085 1172 2157 qui
1184 2101 1235 2157 pro
1250 2101 1349 2141 amore
1361 2086 1499 2157 peccandi
1511 2085 1752 2142 differtcommu·

47 2173 152 2232 soles:
173 2172 295 2240 Vellem,
311 2172 614 2244 videlicetabstinare,
630 2175 654 2231 si
670 2192 805 2248 possem:
818 2175 875 2232 imo
930 2176 1060 2232 nionem.
1076 2174 1234 2247 abnegate,
1247 2173 1298 2229 filii
1311 2174 1474 2245 bominum,
1487 2174 1754 2248 iudaicamimpie·

48 2264 98 2321 die
114 2279 121 2319 :
137 2268 270 2331 Possem,
285 2262 311 2320 si
326 2261 442 2320 vellem.
454 2263 572 2337 Corrige
586 2263 779 2337 voluntatem,
790 2269 818 2323 et
830 2266 876 2322 di·
929 2269 1019 2321 tatem
1032 2264 1204 2337 ;sequimini
1215 2263 1412 2320 Christianam
1424 2263 1573 2336 pietatem,
1585 2263 1754 2337 diligiteju-

49 2352 111 2427 lige
125 2352 303 2422 castitatem,
319 2355 348 2409 et
362 2352 532 2408 continendi
548 2353 673 2425 accipies
688 2358 877 2427 potestatam.
931 2353 1055 2421 stillam,
1073 2353 1215 2408 mundate
1229 2352 1437 2408 conscientem.
1455 2352 1486 2409 Si
1501 2352 1593 2408 vultis
1616 2357 1756 2410 aeternam

49 2442 82 2500 si
96 2446 197 2498 autem
209 2446 239 2499 te
252 2441 400 2515 profiteris
414 2441 579 2511 infirmum,
595 2460 685 2516 quare
700 2461 757 2500 non
783 2444 877 2500 curris
931 2445 1055 2500 euadere
1069 2441 1300 2511 damnationem,
1312 2441 1404 2514 legite
1415 2440 1646 2497 fornicationem.
1663 2444 1696 2497 nt
1706 2457 1757 2498 vos

53 2535 92 2588 ad
108 2530 258 2588 medicum
275 2529 322 2588 isi
334 2531 442 2604 pateris
457 2531 671 2599 infirmitatem,
680 2549 734 2589 cur
746 2549 804 2589 non
816 2549 877 2589 am·
933 2532 1034 2589 miseri
1051 2529 1212 2588 ncnsolum
1223 2536 1395 2605 presentem
1407 2533 1436 2586 et
1446 2530 1631 2587 insistentem
1643 2547 1701 2586 non
1714 2546 1758 2586 re·

51 2619 192 2695 plecteris
206 2619 363 2677 sanitatem
380 2620 430 2677 isi
454 2624 482 2676 ts
504 2620 651 2694 conspicis
674 2621 878 2694 impotentem,
933 2620 1054 2695 pellitis,
1070 2621 1121 2677 ssd
1138 2620 1215 2693 quod
1232 2619 1380 2692 pejusest,
1393 2620 1545 2676 absentem
1558 2619 1755 2692 quaeritis,iu·

49 2725 212 2784 qnarenon
222 2710 350 2781 suscipis
361 2709 774 2781 omnipotentamlOinlelix,
784 2711 879 2784 respi·
932 2713 1060 2785 gientem
1076 2708 1221 2767 retinetis.
1239 2709 1295 2765 Sed
1311 2708 1381 2781 quid
1398 2713 1442 2765 est
1462 2710 1561 2781 lugere
1588 2708 1757 2766 fornicatio·

48 2815 83 2857 ee
92 2798 223 2871 teipsum
235 2803 263 2856 el
273 2798 520 2871 despice,suspice
531 2804 560 2855 et
569 2799 697 2873 suscipe.
710 2801 775 2872 lpse
785 2806 878 2857 totum
934 2816 1013 2864 nom,
1022 2799 1079 2856 nisi
1087 2800 1195 2855 evitare
1206 2798 1390 2855 occasionem
1401 2797 1564 2853 fornicandi
1574 2797 1588 2852 i
1597 2802 1679 2854 Hanc
1689 2814 1757 2869 ergo

48 2889 117 2957 erit,
132 2888 157 2945 si
174 2889 207 2944 ad
225 2891 254 2944 te
268 2888 391 2955 venerit,
408 2887 470 2960 ipse
481 2887 607 2957 curabit,
622 2888 686 2962 ipse
710 2889 838 2959 sanabit,
852 2895 881 2946 et
934 2891 1035 2961 sugite,
1052 2889 1194 2946 christum
1210 2886 1321 2959 eligite,
1334 2891 1479 2958 quatenus
1503 2890 1532 2943 in
1548 2887 1683 2959 praesenti
1700 2887 1760 2943 vita

47 2977 114 3052 ipse
130 2977 269 3034 virtutem
286 2976 455 3049 prestabil3
471 2975 536 3049 ipse
558 2976 635 3034 enim
658 2979 800 3051 medicus,
816 2979 880 3053 ipse
935 2981 1022 3053 digne
1035 2977 1204 3052 percipiatis
1219 2978 1284 3047 ejus
1297 2976 1546 3047 communionem,
1562 2981 1591 3033 et
1606 2977 1634 3032 in
1660 2977 1760 3033 lutura

45 3069 144 3134 salus,
161 3067 225 3140 ipse
236 3067 326 3123 etiarn
337 3066 442 3137 virtus,
452 3065 515 3138 ipse
527 3068 648 3123 sanitas.
661 3069 819 3141 acquiesce
831 3087 880 3126 no·
933 3071 993 3125 vita
1006 3070 1040 3125 ad
1059 3068 1153 3140 ipsius
1164 3065 1283 3139 possitis
1295 3066 1460 3138 portingere
1470 3066 1697 3138 possessionem,
1710 3064 1761 3139 qui

46 3162 113 3215 stro
132 3155 267 3224 consilio,
283 3160 312 3212 et
327 3155 441 3211 dimitte
453 3155 686 3226 fornicationem,
697 3163 725 3214 et
736 3159 780 3215 lac
790 3160 878 3216 casti·
894 3127 916 3198 c
936 3160 1006 3217 vivit
1020 3163 1049 3215 et
1060 3162 1164 3229 regnat
1178 3157 1208 3212 in
1226 3155 1337 3210 unitate
1349 3154 1477 3226 Spiritus
1492 3155 1598 3226 sanati,
1610 3154 1697 3226 Deus,
1709 3170 1763 3229 per

48 3245 127 3304 tatis
142 3243 380 3319 promissionem,
396 3247 425 3300 et
439 3243 483 3299 sia
493 3245 618 3318 accipies
631 3249 880 3307 communionem.
937 3248 1038 3308 omnia
1050 3245 1158 3304 secula
1173 3244 1358 3301 seculorum.
1374 3244 1477 3300 tmen.

772 3664 921 3734 SERMO
940 3664 1032 3732 XVI.

530 3824 566 3882 ΙΝ
586 3823 1055 3884 soasuutunras.tonurt1s
1079 3822 1273 3881 BbPTlSTAE.

469 3968 609 4038 Quomodo
622 3971 740 4030 loannes
755 3969 880 4044 Baptista
892 3969 990 4026 mattis
1006 3966 1095 4026 modia
1108 3968 1194 4039 suerit
1207 3982 1334 4038 mannas.

88 4350 257 4405 internatas
271 4346 422 4402 mulierum
437 4361 491 4402 aon
514 4347 640 4402 surrexit
663 4345 754 4417 major
775 4344 882 4401 lauans
934 4344 1005 4412 tem,
1022 4341 1091 4414 quia
1109 4337 1242 4396 veritatis
1262 4337 1408 4396 confessio
1427 4334 1582 4409 dignitatis
1603 4335 1745 4411 professio

52 4439 184 4511 Baptista
199 4436 303 4508 (llattla
320 4436 370 4507 η).
935 4447 1004 4488 ηοω
1021 4432 1161 4486 meretur.

91 4527 147 4595 Oui
163 4527 274 4594 laudat,
291 4524 380 4597 etqui
395 4522 539 4593 gloriticat
553 4522 658 4589 Deum,
669 4528 697 4580 et
708 4504 923 4597 ipselauda·D
973 4521 1108 4585 Quantus
1119 4518 1198 4574 enim
1211 4514 1504 4585 exstiteritloannes,
1523 4519 1581 4571 tam
1592 4515 1764 4588 prophetica

52 4624 106 4677 tur
120 4621 150 4673 et
164 4615 346 4688 glorificatur
360 4630 377 4668 a
392 4612 462 4680 Deo,
479 4612 543 4685 ipso
567 4616 712 4671 testante:
730 4636 744 4663 α
760 4613 814 4678 Oui
835 4627 881 4668 me
937 4624 1027 4680 quam
1041 4605 1214 4677 Evangelica
1229 4605 1315 4662 lectio
1331 4608 1520 4676 protestatur.
1538 4603 1604 4660 Fuit
1613 4604 1692 4660 onim
1703 4621 1763 4661 mn·

53 4705 213 4765 confessus
223 4703 311 4758 luerit
321 4717 420 4757 eornm
431 4701 819 4769 hominibus,aonfiteborst
829 4717 883 4774 ego
937 4712 1014 4770 gnus
1029 4696 1059 4751 in
1071 4693 1472 4767 predestinationo,magnus
1483 4690 1514 4748 in
1528 4693 1761 4764 annuntiatione,

53 4810 126 4854 eum
143 4809 240 4850 coram
252 4791 336 4847 Patre
347 4806 412 4847 meo
424 4791 500 4862 (luc.
512 4795 574 4859 xri).
585 4812 599 4840 »
611 4795 714 4848 Petrus
726 4792 803 4848 enim
813 4790 885 4862 quin
938 4801 1065 4859 magnus
1075 4785 1105 4840 in
1116 4782 1315 4855 conceptione,
1327 4797 1452 4852 magnus
1463 4781 1491 4836 in
1507 4784 1624 4850 natura,
1636 4797 1763 4853 magnos

56 4883 133 4943 dixit
148 4883 184 4938 ad
200 4881 346 4936 Christum
362 4896 368 4935 :
386 4902 400 4929 α
416 4880 493 4935 'lues
508 4879 644 4936 Christus
659 4880 750 4935 Filius
765 4882 813 4936 Dei
828 4877 884 4934 vivi
938 4876 967 4931 in
986 4890 1121 4948 persona,
1138 4888 1264 4945 magnus
1280 4870 1309 4926 in
1330 4870 1435 4944 gratia,
1461 4886 1588 4943 magnus
1609 4870 1640 4926 in
1656 4869 1764 4942 allicio,

55 4973 164 5047 (llattb.
182 4973 254 5040 xri),
272 4992 286 5019 a
302 4974 331 5025 et
346 4968 482 5024 Christus
495 4968 587 5037 inquit
610 4968 645 5022 ad
671 4969 769 5041 ipsum
787 4984 794 5023 ι
812 4991 826 5019 «
850 4968 886 5024 tat
941 4980 1067 5037 magnus
1084 4962 1112 5017 in
1130 4961 1381 5033 meritc,magnus
1393 4959 1421 5015 in
1434 4963 1627 5023 sacramento,
1641 4974 1767 5029 magnas

56 5061 184 5136 egotibi
200 5059 276 5125 dico,
292 5058 361 5128 quia
376 5062 407 5111 tu
424 5073 455 5112 es
470 5060 584 5127 Petrus,
600 5060 628 5112 el
643 5058 821 5129 superbene
835 5073 885 5129 po·
941 5054 969 5108 in
987 5052 1141 5125 dignitate,
1158 5065 1284 5122 magnus
1298 5049 1327 5105 in
1341 5051 1630 5122 potestate,magnus
1642 5043 1768 5101 inclari·

55 5157 136 5209 tram
152 5147 304 5205 edificabo
320 5144 480 5201 Ecclesiam
494 5161 589 5201 meam
605 5146 709 5218 (ibid).
727 5169 741 5196 η
756 5146 802 5203 Sic
817 5160 887 5218 ergo
941 5146 1011 5209 tate,
1028 5156 1152 5213 magnus
1163 5139 1190 5194 in
1202 5138 1351 5212 opinione,
1363 5153 1490 5212 magnus
1501 5134 1529 5191 in
1546 5134 1765 5209 predicatione,

55 5242 190 5300 loannes
205 5237 273 5310 quia
289 5235 362 5292 dixit
378 5235 414 5291 de
429 5233 544 5291 Christo
560 5250 568 5291 τ
586 5257 601 5284 «
615 5234 688 5293 Ecce
711 5238 813 5309 Agnus
837 5232 889 5290 Dei
944 5247 1071 5305 magnus
1081 5229 1110 5284 in
1123 5229 1269 5303 passione.
1284 5226 1350 5284 l'uit
1361 5243 1429 5299 orgo
1440 5240 1565 5297 magnus
1577 5224 1605 5279 in
1618 5224 1768 5297 predesti-

56 5347 127 5390 ecce
143 5330 193 5403 qui
209 5327 288 5384 tollit
302 5329 420 5399 peccata
434 5324 634 5396 mundilloaa.
647 5326 678 5395 a),
690 5348 704 5375 »
716 5329 744 5382 et
754 5324 890 5381 Christus
945 5321 1073 5386 natione,
1085 5319 1170 5391 juxta
1187 5319 1264 5391 quod
1283 5315 1424 5373 Dominus
1439 5313 1463 5369 ei
1479 5312 1613 5386 loquitur
1631 5328 1684 5387 per
1697 5330 1767 5388 pro·

56 5411 160 5491 inquit
176 5420 211 5475 de
226 5417 290 5490 ipsc
307 5434 314 5472 :
331 5417 407 5472 later
419 5420 499 5471 natac
513 5414 663 5471 mulierum
684 5431 739 5472 aaa
765 5414 890 5470 surrexit
945 5410 1066 5484 phetam
1085 5408 1284 5480 :Priusquam
1310 5411 1337 5461 te
1363 5406 1518 5460 formarem
1544 5401 1573 5458 in
1598 5408 1689 5474 utero,
1714 5422 1766 5462 no-

58 5510 281 5579 may'crloaaaes
295 5506 435 5580 Baptista.
447 5502 497 5559 'llli
514 5504 672 5562 decbristo
683 5503 809 5562 contessi
821 5508 893 5560 sunt
945 5500 973 5557 vi
989 5504 1016 5555 te
1027 5494 1392 5570 (ler.1l.»-«Novitenirn
1408 5491 1551 5549 Dominus
1562 5492 1613 5565 qui
1625 5495 1767 5565 suntejus

61 5599 229 5671 veritatem,
245 5596 380 5656 Christus
395 5592 520 5666 deipsis
537 5594 690 5667 protessus
714 5592 893 5667 estdignita·
948 5591 984 5665 (il
1000 5588 1127 5661 lima),
1144 5610 1157 5639 »ι
1174 5587 1203 5643 id
1228 5590 1273 5644 est
1292 5581 1511 5658 praedestinavit
1539 5599 1619 5642 suos.
1645 5583 1701 5650 uui
1715 5599 1768 5657 por
