3796 5986
153 220 203 288 tsi
741 223 789 276 sn
807 218 1257 303 iusocisiinuiuuseiisra
1808 214 1865 273 m

62 358 67 375 ¹
154 354 238 413 sione
259 351 429 426 supradicta
451 343 660 412 concessionis,
684 341 876 410 venditionis,
895 345 925 399 ot
945 341 975 398 in
991 343 1017 410 Α
1034 340 1165 413 pignoris
1179 345 1209 396 et
1224 337 1352 414 plejariae
1366 339 1485 396 nomine
1498 339 1660 407 vindicent,
1675 339 1819 414 capiendo
1834 344 1865 401 ct

155 443 284 502 solutum
299 441 436 509 dationis,
452 438 508 513 ipsi
523 437 592 494 olim
610 433 748 508 praedioto
763 431 861 488 Scotto
881 447 978 503 apre·
1032 427 1189 486 alienando
1201 429 1279 486 eleis
1294 429 1324 487 in
1340 430 1480 486 omnibus
1492 429 1782 487 satisfaciendolltsi
1792 447 1863 488 con·

154 533 232 591 dicto
248 533 367 589 domino
381 530 501 588 oddone
516 528 608 595 lacte,
624 539 712 596 quem
737 521 826 577 etiem
844 523 977 591 respectu
1030 520 1174 576 tradicere
1185 519 1515 590 tentaverimus,aJ'ure,
1528 519 1762 592 quodineisdem
1773 522 1863 578 rebus

153 622 199 682 vel
211 624 278 696 jure
292 622 393 679 donati
410 618 507 692 legati,
523 616 601 690 quod
619 611 704 671 nobis
723 611 880 684 praedictus
905 608 977 666 olim
1032 607 1185 679 babemus,
1196 609 1317 667 omnino
1332 609 1484 676 cademus,
1499 614 1529 664 et
1539 608 1638 681 ipsum
1649 611 1791 666 damnum
1807 611 1864 667 du·

28 740 34 751 ·
152 729 246 787 nepos
261 716 362 769 noster
375 709 409 766 iu
425 724 478 765 suo
490 708 667 763 testamento
682 700 808 773 reliquit,
824 699 919 769 vobis,
945 703 977 755 ut
1031 699 1113 772 plum
1125 699 1245 756 nomine
1258 699 1338 755 bona
1349 703 1377 754 et
1388 696 1729 771 legalisplejeriespoenae
1740 699 1864 758 nomine

154 803 265 861 dictum
281 809 335 869 ast,
353 816 404 873 pro
420 796 497 854 dlclo
514 794 632 851 domino
647 808 724 865 papa
746 797 776 846 et
797 787 976 847 successori·
1032 787 1142 845 solvere
1157 793 1186 845 et
1199 788 1270 845 dere
1284 787 1341 860 ipsi
1355 787 1475 844 domino
1486 803 1568 861 pape
1579 785 1626 845 vel
1639 787 1864 849 successoribus

154 893 211 951 bus
226 893 290 963 eJus
305 886 506 964 procuratorio
522 882 642 940 nominc
656 881 831 951 retutemus,
844 880 978 936 cedimus
1031 877 1106 949 ejus,
1120 893 1172 951 per
1182 893 1234 934 vos
1249 876 1449 950 procuratorio
1464 877 1582 935 nomine
1597 877 1811 950 promittimus.
1827 879 1865 937 llt

154 986 184 1039 et
197 980 374 1038 mandamus
385 996 392 1048 ;
402 976 484 1033 itaut
495 970 639 1047 quidquid
651 970 792 1028 hactenus
803 969 833 1025 in
844 969 978 1025 dietooa·
1032 965 1062 1024 in
1075 967 1112 1023 iis
1122 967 1262 1024 omnibus
1277 967 1440 1025 refutamus
1454 982 1572 1024 omnem
1582 966 1662 1038 juris
1687 966 1732 1025 vel
1760 966 1862 1043 legum

61 1082 64 1087 ’
153 1074 215 1129 stro
231 1069 274 1128 vel
291 1070 426 1143 respectu
442 1064 660 1138 ejusedvcrsus
683 1073 892 1135 quamcunque
913 1073 978 1130 por·
1032 1070 1085 1113 seu
1102 1056 1170 1113 boni
1187 1073 1260 1113 usus
1282 1055 1435 1125 auxilium,
1460 1057 1607 1130 quodpro
1633 1055 1719 1113 nobis
1742 1056 1775 1114 in
1801 1057 1877 1140 liae,

153 1174 268 1228 sonam,
285 1156 460 1228 nostrojure
470 1158 499 1211 et
509 1151 627 1209 nomine
636 1148 772 1224 agereret
784 1147 916 1221 excipere
926 1160 977 1204 scu
1032 1160 1123 1201 cause
1137 1143 1340 1203 introductum
1356 1149 1411 1217 est,
1424 1144 1467 1202 ita
1481 1148 1514 1203 ut
1528 1144 1643 1203 nullum
1655 1145 1716 1218 jus,
1728 1145 1862 1205 nullam·

152 1263 285 1306 exercere
300 1261 467 1321 possemus,
484 1243 547 1315 ipse
563 1239 701 1298 dominus
717 1255 792 1313 pape
807 1241 835 1295 et
860 1252 978 1295 sucees-
1032 1250 1090 1307 que
1105 1234 1250 1292 actionem
1259 1233 1304 1293 rel
1318 1234 1519 1309 exceptionem
1528 1236 1669 1293 adversus
1679 1235 1794 1295 dictum
1807 1236 1864 1297 do·

44 1396 47 1401 .
151 1354 233 1397 soree
247 1337 311 1409 ejus
326 1353 380 1394 suo
391 1336 460 1408 jura
474 1336 503 1390 et
521 1331 641 1388 nomine
662 1331 826 1396 exerceant,
837 1331 928 1401 agant
950 1328 980 1384 et
1033 1323 1148 1382 minum
1165 1342 1272 1400 papam
1287 1329 1317 1384 et
1330 1341 1518 1383 successores
1532 1325 1610 1397 ejus,
1620 1326 1657 1382 ad
1669 1324 1863 1400 iniringeuda

16 1432 51 1445 ''
150 1420 979 1499 excipiant,cteumtanquamdominuin,procuratorem
1032 1431 1095 1489 quie
1110 1415 1282 1487 dictasunt,
1297 1414 1862 1488 veleamusopponereNovissimeau·

44 2026 53 2039 ι
151 1994 439 2053 aobisdomandato
454 1993 525 2050 dicti
550 1992 662 2049 domini
686 2008 778 2065 pape,
803 1995 832 2046 et
855 2006 907 2063 pro
931 2005 975 2059 eo,

151 1515 182 1573 in
198 1532 253 1573 sua
267 1531 297 1570 re
312 1513 533 1578 constituimus,
550 1515 583 1567 ut
598 1510 627 1565 in
642 1508 717 1576 loco,
734 1508 802 1580 jure
815 1511 844 1564 et
859 1505 978 1579 privile·
1033 1509 1091 1562 tem
1108 1521 1160 1579 pro
1176 1504 1261 1561 nobis
1273 1503 1425 1561 et'nostris
1440 1503 1607 1561 heredibus
1628 1509 1657 1560 et
1681 1505 1863 1564 successori·

151 1605 197 1679 gio
213 1603 356 1661 nostruin
373 1603 511 1659 omnibus
527 1600 697 1658 succedant.
1032 1594 1097 1664 bus,
1114 1593 1197 1649 vobis
1214 1609 1266 1667 pro
1281 1593 1360 1651 dicte
1373 1591 1493 1649 domino
1505 1593 1694 1665 pepaeteJ'us
1705 1610 1862 1653 successo·

1031 1683 1113 1740 ribus
1129 1683 1328 1756 procuratorio
1339 1683 1509 1751 nominc,ut
1519 1684 1633 1740 dietum
1645 1687 1770 1757 estque
1781 1684 1862 1744 dicta

1031 1772 1223 1838 contemnis
1236 1774 1401 1840 observare,
1418 1772 1590 1846 adimplere,
1606 1778 1635 1830 et
1650 1779 1753 1831 contra
1775 1773 1860 1834 nulla

1028 1860 1247 1917 rationevsnire
1255 1861 1581 1934 promittimusnomina
1588 1861 1727 1936 plejariae,
1739 1868 1769 1920 et
1777 1864 1864 1937 prin·

1028 1949 1132 2023 cipalis
1146 1949 1344 2021 obligationis,
1359 1950 1415 2007 sub
1431 1950 1698 2024 poenalegitimaex
1714 1951 1861 2024 stipulatu

1028 2040 1175 2113 promissa
1186 2041 1279 2097 totius
1289 2040 1495 2113 suprascripta
1508 2041 1638 2112 pecuniis
1647 2040 1798 2114 dupla.llt
1809 2058 1859 2100 so·

1028 2128 1090 2183 luta
1104 2146 1189 2199 poena
1217 2129 1279 2186 brec
1302 2129 1436 2186 chartule
1457 2131 1542 2186 firma
1566 2135 1746 2202 permaneat.
1762 2131 1858 2197 Ouum

146 2261 227 2334 lure,
258 2262 336 2335 quod
369 2262 454 2319 nobis
487 2262 516 2316 in
548 2261 626 2316 dicto
659 2265 756 2316 castro
781 2266 808 2315 et
825 2257 889 2315 suis
910 2274 975 2329 per·
1028 2217 1338 2320 scribewgmmus
1355 2222 1493 2276 munem
1504 2219 1808 2278 mmmmm
1825 2221 1855 2278 in

1028 2306 1128 2364 Mense
1138 2312 1167 2364 et
1177 2308 1337 2365 indictione
1349 2309 1705 2382 suprascriptavii,testes
1715 2310 1859 2369 Girardus

149 2350 378 2453 fimffflmm
393 2357 422 2408 et
447 2349 555 2407 dmm
579 2349 718 2450 mmm
739 2347 793 2451 vel.
810 2352 976 2439 mmmm-
1027 2395 1157 2453 Scrolani
1182 2397 1436 2455 loanneOddonis
1452 2398 1575 2455 Romani
1600 2399 1857 2456 Raineriuslosn·

151 2445 375 2513 possitquoquo
401 2441 498 2496 modo.
526 2439 565 2495 Dc
587 2438 863 2512 quibusomnilius,
888 2441 917 2494 et
939 2437 976 2495 de
1049 2487 1055 2499 .
1161 2439 1169 2467 '
1580 2439 1588 2466 ⁹

150 2528 231 2587 omni
247 2536 348 2588 nostro
359 2531 428 2602 jure
443 2545 497 2586 nos
513 2528 586 2585 bene
596 2528 710 2601 quietos
723 2533 752 2584 et
763 2532 974 2601 pacatosvom·
1027 2504 1074 2543 nis
1083 2486 1177 2554 Pauli,
1187 2488 1317 2545 loannes
1327 2489 1455 2546 Bobenis
1466 2489 1631 2555 Bonililius,
1643 2489 1811 2562 Siginullus
1822 2490 1858 2545 de

149 2634 228 2687 mue,
250 2623 279 2676 ct
303 2637 361 2676 non
383 2619 487 2676 solutis
512 2617 642 2691 pecunie
667 2617 828 2691 exceptioni
854 2616 975 2673 omnino
1026 2576 1168 2648 Bumm’
1186 2577 1344 2635 Adinulsffi
1360 2578 1503 2678 uddonis.
1829 2671 1836 2683 .

149 2707 772 2780 salutamusouaiumautemquingentae
787 2704 887 2762 minus
909 2709 974 2763 octo
1063 2668 1122 2740 E3⁰
1147 2668 1265 2724 mmm
1291 2669 1398 2738 '‘⁶⁰³²'’
1429 2667 1542 2726 sam
1562 2670 1693 2726 'imm
1726 2669 1858 2726 ΜΘΝ

148 2795 230 2856 libres
245 2801 316 2854 sunt
330 2813 364 2853 cr
380 2795 439 2853 illis
454 2795 624 2866 quingentis
641 2794 725 2851 libris
747 2811 904 2868 parvorum
928 2809 973 2851 se·
1024 2755 1313 2858 'crinwi¹⁴³h⁸b⁰¹3⁸
1325 2762 1498 2859 p⁰tf³⁸t⁸t⁰m
1515 2757 1605 2858 dandi.
1619 2762 1747 2814 mmmm
1763 2763 1858 2860 ω’

149 2890 247 2956 ΜΒ,
263 2902 338 2958 qm
353 2885 431 2942 Bobo
446 2883 590 2941 Bonfflius
602 2883 739 2956 praedioto
750 2888 844 2940 castro
859 2881 973 2940 mom·
1026 2849 1162 2914 retorem,
1179 2848 1385 2918 emancipandi
1398 2852 1427 2903 et
1441 2846 1817 2921 decretumiutsrponendi,
1828 2851 1857 2904 et

71 2970 74 2975 ’
149 2974 244 3047 gendo
255 2972 286 3030 in
301 2974 435 3047 deposito
450 2971 552 3029 habuit
568 2989 576 3028 t
598 2971 724 3045 ideoque
747 2971 853 3028 amodo
876 2971 974 3030 dictus
1026 2934 1167 2991 “limma
1180 2935 1366 3007 defflmndi’
1380 2935 1521 3010 ⁰⁰mP¹⁰Vi
1536 2940 1566 2992 el
1579 2935 1701 2993 ⁸b⁸⁰¹l5·

149 3063 288 3121 dominiis
302 3079 390 3137 pape,
406 3061 450 3120 vel
465 3061 539 3118 alter
553 3077 605 3134 pro
618 3077 651 3117 eo
660 3064 833 3133 potestatem
846 3065 874 3118 et
884 3060 973 3118 licen·
1408 3053 1471 3109 Vll.

188 1728 269 1787 Hanc
284 1734 382 1786 eutem
398 1727 617 1796 relututionem,
627 1725 846 1782 concessionem
856 1728 976 1781 etman-
992 1729 1016 1795 Β

151 1820 254 1876 datum
268 1818 362 1887 vobis,
379 1817 529 1876 uidiclum
542 1821 598 1883 est,
609 1816 733 1872 lecimus
744 1831 796 1888 pro
807 1813 978 1887 quingentis

151 1907 276 1980 triginta
290 1906 370 1965 libris
385 1907 530 1963 bonorum
546 1904 736 1961 Parvensium
761 1908 894 1968 senatus,
919 1919 978 1975 qua

150 2087 239 2157 atque
252 2084 287 2142 de
302 2101 357 2141 sua
368 2082 503 2157 pecunia,
519 2087 552 2138 ut
565 2082 675 2137 dictum
689 2085 752 2150 pst,
777 2079 976 2152 procuratorio

149 2172 270 2231 nomine
285 2173 361 2229 datis
386 2178 474 2245 atque
499 2170 666 2245 persolvitis
693 2186 745 2244 pro
766 2168 845 2226 omni
875 2173 975 2226 nostro

149 3151 222 3210 tiam
240 3151 357 3219 hebeat,
374 3151 482 3208 dictam
504 3151 668 3224 portionem
692 3155 824 3206 nostram
840 3099 1009 3208 denotatic
1027 3138 1141 3196 Milli
1163 3141 1262 3210 feceris
1283 3140 1464 3213 impetam
1489 3139 1801 3212 constantinopolitani.
1818 3167 1854 3184 ··

145 3240 318 3300 castrinum
334 3237 972 3311 tenimentis,ctpcrtinentiissuisintuset
1060 3210 1499 3338 gullimd‘b‘nmm‘tfflpm'
1522 3213 1577 3284 suu
1601 3210 1757 3286 mmm
1782 3212 1853 3270 Μ’

145 3331 256 3389 doloris
270 3335 381 3400 tenere,
404 3335 432 3388 ct
457 3329 551 3386 lacere
573 3345 608 3384 cx
632 3343 666 3385 eo
682 3327 826 3400 quidquid
846 3327 971 3386 volucrit
1080 3299 1175 3340 mm
1336 3373 1431 3446 (Anno
1447 3373 1540 3446 1205)

143 3432 273 3494 semper.
291 3420 416 3493 lnsupsr
429 3418 485 3476 sub
500 3434 586 3492 piena
601 3417 686 3474 dictes
707 3417 838 3491 pecunia
862 3417 970 3491 duple,
1518 3415 1525 3429 ‘

142 3509 226 3568 vobis
242 3510 380 3584 predicto
391 3509 509 3566 domino
519 3524 595 3582 papa
614 3507 696 3564 bone
714 3512 744 3563 ct
759 3504 862 3580 legalis
877 3506 971 3580 pleja-

144 3599 194 3655 ria
209 3599 422 3671 promittimus,
436 3598 492 3655 boe
508 3602 643 3653 nostrum
654 3597 707 3668 jus
721 3595 859 3669 scipsum
871 3595 970 3668 preli·
1059 3596 1251 3654 sanctissimo
1282 3599 1361 3654 Patri
1382 3615 1416 3656 ac
1442 3598 1562 3656 domino
1597 3599 1777 3668 luuocsririo,
1801 3598 1852 3657 ssei

144 3686 245 3745 batam
261 3688 425 3760 portionem
441 3690 572 3744 nostram
586 3684 659 3742 nulli
675 3684 726 3741 alii
746 3701 878 3758 persone
893 3684 968 3742 obii·
1022 3685 1118 3759 gratia
1133 3703 1251 3744 summo
1265 3687 1408 3760 pontilici,
1424 3688 1458 3744 H.
1475 3688 1565 3745 irater
1576 3688 1764 3760 imperatoris
1778 3688 1853 3746 Gon·

106 3853 109 3857 Ι
144 3790 242 3848 gesse,
262 3777 456 3843 concessisse,
481 3791 533 3833 nee
552 3773 638 3831 aliter
647 3773 801 3832 alienasse.
828 3775 968 3832 Preterea
1022 3774 1287 3848 stantinopolilani,
1301 3782 1330 3833 et
1344 3778 1510 3834 moderator
1527 3777 1643 3851 imperii
1659 3793 1726 3834 cum
1752 3778 1852 3837 debite

142 3865 225 3924 vobis
240 3882 293 3939 pro
309 3865 386 3923 dicto
399 3864 520 3922 domino
535 3881 609 3937 pape
626 3868 655 3920 et
674 3863 969 3935 suecessoribuscjus
1021 3863 1183 3921 reverentia
1197 3863 1303 3920 humili
1315 3870 1343 3922 et
1355 3866 1470 3935 devota,
1487 3865 1595 3939 pedum
1610 3863 1721 3922 oscula.

140 3954 342 4028 procuratorio
358 3953 487 4022 nomine,
505 3961 536 4010 ut
549 3952 662 4010 dictum
678 3956 733 4024 est,
748 3952 865 4025 pignori
887 3952 968 4025 poni·
1057 3952 1131 4009 Cum
1142 3953 1465 4011 universumexercitus
1476 3954 1634 4011 Christiani
1646 3969 1848 4027 progressum,

141 4060 209 4103 mus
223 4050 253 4101 et
267 4045 445 4118 obligamus,
461 4050 490 4101 et
505 4060 556 4117 pro
573 4043 657 4100 nobis
674 4047 703 4099 et
718 4042 828 4099 nostris
843 4043 966 4100 haeredi·
1020 4045 1050 4099 ct
1060 4041 1194 4099 laborum
1205 4043 1451 4116 peregrinationis
1462 4048 1567 4100 nostrre
1579 4043 1694 4111 seriem,
1715 4041 1850 4101 Paterni-

140 4134 237 4193 buset
260 4135 495 4203 successoribus,
528 4137 671 4207 quantum
689 4134 724 4189 ad
749 4132 966 4205 subscriptum,
1020 4131 1850 4205 utivestrapermultipticcslitteras,etnunsioe,iratcr

142 4224 297 4291 damnum,
313 4225 338 4281 si
353 4223 501 4292 acciderit,
519 4222 655 4297 pertinet,
672 4221 778 4278 amodo
794 4221 924 4295 precario
938 4226 968 4279 et
1021 4236 1104 4278 mous
1119 4222 1148 4277 et
1171 4219 1311 4277 dominus
1332 4221 1504 4294 imperator,
1528 4238 1624 4295 usquc
1649 4223 1684 4278 ad
1711 4221 1848 4278 Martium

143 4313 211 4385 ejus
226 4314 346 4372 nomino
357 4312 586 4387 possederimus,
602 4309 738 4369 videlicet
751 4327 854 4368 omnes
877 4328 925 4370 res
938 4316 968 4370 et
1019 4309 1153 4383 elapsum
1164 4309 1325 4368 nouissime
1336 4310 1409 4367 satis
1419 4309 1516 4367 lucide
1526 4309 1746 4384 significaverit,
1764 4326 1851 4367 even·

140 4402 347 4475 possessiones
362 4407 478 4460 nostres
494 4400 618 4460 mobiles
627 4405 657 4460 et
670 4400 837 4459 immobiles
852 4400 967 4459 velasse
1019 4401 1068 4455 tus
1083 4402 1199 4457 nostros
1228 4402 1335 4458 extunc
1359 4399 1507 4472 prioribus
1530 4399 1655 4457 multum
1670 4398 1846 4473 dissimiles,

140 4496 302 4558 moventes,
318 4508 393 4562 quas
415 4492 491 4549 intra
513 4492 616 4548 urbem
641 4494 670 4548 et
693 4489 802 4547 doloris
821 4489 966 4548 babemus
980 4475 1004 4541 D
1019 4487 1079 4545 imo
1089 4487 1333 4562 peccatisnostris
1344 4489 1532 4562 exigentibus
1543 4489 1634 4546 nimis
1647 4487 1849 4556 miserabiles,

1130 3480 1304 3553 [Ducanaris
1321 3480 1387 3538 lter.
1398 3483 1496 3539 Fronr.
1508 3481 1619 3554 script,
1632 3480 1746 3554 v,8oe.1
1777 3525 1781 3533 .

139 4579 184 4639 vel
195 4579 369 4638 babebimus
379 4600 387 4650 ;
399 4581 439 4637 its
448 4582 561 4638 tament
571 4578 596 4636 ei
607 4594 659 4651 per
668 4577 888 4651 obligationem,
899 4595 964 4637 con·
1017 4577 1100 4635 vobis
1115 4583 1256 4652 tanquam
1272 4580 1353 4635 Patri
1368 4582 1396 4635 et
1412 4578 1531 4636 domino
1547 4579 1671 4652 dignum
1695 4578 1763 4635 duxi
1779 4594 1847 4653 pro·

138 4669 314 4738 cessionem,
330 4669 374 4727 vel
389 4668 553 4742 quamlibet
566 4666 772 4726 alienationem
782 4672 843 4725 tam
854 4667 964 4726 anobis
1018 4667 1126 4741 palare.
1143 4667 1272 4740 Contigit
1286 4667 1412 4742 Grecos,
1436 4669 1486 4742 qui
1497 4686 1531 4726 ex
1555 4684 1662 4741 magua
1681 4666 1795 4725 malitia
1819 4671 1849 4725 et

140 4774 231 4832 quain
247 4760 353 4816 edicto
361 4757 431 4815 olim
444 4759 542 4815 Scotto
552 4760 674 4831 cognato
686 4761 795 4826 nostro,
807 4762 836 4813 et
851 4756 965 4815 Joanne
1018 4756 1141 4829 pertidia
1155 4762 1310 4826 consueta,
1328 4763 1394 4831 post
1409 4775 1496 4816 omne
1512 4775 1606 4831 genus
1630 4757 1799 4815 securitatis
1818 4759 1848 4815 el

140 4849 201 4907 lllio
215 4865 267 4907 suo
284 4854 450 4922 nepoteque
464 4851 575 4915 nostro,
593 4845 638 4903 vel
661 4846 750 4903 etiam
774 4846 886 4903 edicta
909 4847 965 4904 do·
1018 4844 1164 4902 cautionis
1180 4846 1379 4919 proditionem
1393 4858 1511 4920 semper
1528 4864 1616 4920 super
1630 4863 1684 4904 nos
1695 4845 1845 4916 exhibent,

138 4939 224 4996 mine
240 4938 372 4995 tldrudu
387 4953 487 4996 sorore
502 4941 614 5006 nostra,
633 4940 776 5008 quantuni
800 4935 837 4991 ed
862 4952 963 4993 usum·
1019 4938 1119 4993 statim
1135 4940 1203 5010 post
1213 4937 1418 4995 dimissionem
1436 4939 1606 4995 nuntiorum
1622 4938 1657 4994 ad
1672 4953 1724 4994 sos
1741 4935 1846 4995 ultimo

138 5028 269 5086 fructum
298 5028 433 5103 pertinet,
456 5027 543 5084 modo
559 5024 690 5098 quolibet
710 5024 828 5092 lactem,
853 5023 963 5098 aliquo,
1018 5026 1196 5083 directorum
1208 5027 1501 5100 proditionemquam
1513 5027 1627 5101 pridem
1640 5032 1845 5099 conceperant,

136 5120 216 5189 quod
232 5118 329 5177 absitl
347 5118 376 5174 iu
392 5122 530 5191 temporo
544 5115 640 5172 dictus
662 5115 801 5170 dominus
825 5130 900 5188 papa
918 5117 963 5172 vel
1018 5114 1177 5173 rebellione
1200 5122 1303 5174 contre
1329 5135 1383 5174 iios
1406 5117 1493 5187 lactu,
1517 5119 1651 5191 detegere
1676 5116 1845 5174 manilcste.

19 5256 23 5263 .
134 5221 322 5266 successores
337 5209 402 5282 ejus
417 5224 452 5264 ex
466 5207 520 5263 liae
533 5221 623 5261 causa
633 5203 776 5260 damnum
787 5202 906 5276 aliquod
925 5204 963 5264 de
1018 5206 1079 5272 Quo
1094 5211 1255 5278 comperto,
1272 5206 1361 5263 irater
1376 5222 1460 5264 meus
1475 5211 1503 5263 et
1521 5206 1661 5263 dominus
1685 5205 1847 5279 imperator

135 5292 210 5365 lure,
226 5300 288 5354 tem
302 5297 505 5371 impensarum
516 5292 645 5360 nomina,
657 5308 746 5365 quam
757 5291 841 5350 aliter
854 5293 964 5366 patien-
1017 5299 1180 5368 opportune
1189 5295 1380 5368 paucioribus
1391 5294 1565 5364 comitatum
1578 5295 1687 5368 quippe
1697 5294 1783 5351 nobis
1794 5309 1848 5369 pes

135 5387 203 5453 tur;
220 5386 324 5457 quanti
338 5387 394 5443 crit
408 5387 563 5450 damnum,
578 5387 693 5438 tantum
708 5382 881 5440 auctoritate
894 5400 962 5457 pro·
1018 5383 1199 5440 munitiones
1212 5387 1241 5440 et
1257 5383 1404 5441 marchias
1421 5401 1472 5458 pro
1484 5390 1679 5459 magnaparte
1689 5383 1844 5456 dispersis,

136 5473 213 5547 pris,
225 5479 389 5546 nostroque
403 5475 554 5545 mandato,
569 5471 647 5544 quod
662 5471 705 5528 eis
720 5471 859 5544 lecimus,
871 5472 900 5528 in
917 5489 964 5530 re-
1017 5478 1120 5531 contre
1134 5477 1223 5545 caput
1244 5471 1425 5545 rebellionis,
1448 5472 1673 5547 andrinopolim
1698 5471 1845 5547 videlicet,

134 5563 193 5623 biis
205 5571 234 5624 et
243 5562 486 5639 possessionibus
501 5561 611 5620 nostris
621 5560 664 5619 eis
687 5560 874 5634 placentibus
894 5562 963 5635 jure
1016 5579 1081 5638 que
1091 5566 1138 5621 est
1155 5561 1258 5621 civitas
1288 5562 1405 5620 Grecis
1432 5561 1675 5623 munitissimeet
1692 5562 1846 5635 montibu
