3796 5986
421 216 544 273 SRBMO
560 217 639 284 XIX,
658 216 696 275 lli
714 217 830 275 emto
845 220 877 276 Β.
896 219 1050 275 tusams
1067 220 1265 279 amsans.

713 441 863 510 suello
879 442 969 510 XIX.

681 602 720 659 ΙΝ
735 602 859 659 EODEM
874 602 998 662 tusto,

211 765 253 818 De
267 762 373 835 triplici
386 764 535 821 nativitate
547 763 673 836 leucate,
689 763 1021 893 mliffif‘mmu
1034 769 1061 823 et
1071 767 1226 840 spirituali,
1241 766 1381 839 inquitate
1389 766 1474 824 multi

777 852 813 907 pa
898 880 905 893 .

70 1182 161 1237 tabelli
175 1197 248 1238 naor
263 1190 310 1238 tua
325 1182 417 1254 pariet
438 1183 491 1239 tibi
514 1182 619 1254 filium,
648 1195 675 1242 at
703 1186 810 1242 uocabit
824 1185 852 1253 A
868 1184 1195 1260 Auditemysterium,et
1205 1185 1584 1260 intelligitssacramautum
1594 1203 1601 1242 :
1613 1204 1626 1236 r
1636 1190 1693 1245 lex

70 1287 92 1325 a
106 1272 165 1337 cius
177 1273 330 1327 loannem:
346 1273 439 1327 eterit
449 1271 500 1328 titt
510 1273 812 1341 gaudiumateatulta·
866 1279 895 1330 st
905 1274 1054 1347 prophatae
1064 1292 1159 1348 usque
1170 1276 1206 1332 ad
1217 1277 1374 1346 loannem,
1384 1280 1493 1333 etexeo
1503 1290 1627 1350 regnum
1634 1290 1692 1334 οω-

70 1360 175 1414 tmclti
189 1358 220 1414 ia
235 1359 383 1416 nativitate
397 1361 456 1433 ajat
471 1361 629 1431 puudetrtat
644 1365 723 1433 (Luc.
741 1365 772 1431 r).
866 1362 961 1420 lorum
971 1365 1285 1437 evangelizatumaur.
1293 1364 1363 1436 xv1);
1373 1386 1386 1415 a
1398 1380 1494 1437 usque
1504 1364 1539 1421 ad
1546 1364 1690 1421 loannem

70 1450 102 1504 >d
118 1448 244 1523 legimus
260 1455 289 1506 et
303 1449 501 1524 intelligimus
517 1470 533 1509 a
549 1453 680 1510 Gabriele
704 1454 813 1527 praedi-
867 1452 1207 1510 nsscebanturhomines
1217 1454 1379 1510 secuudum
1393 1455 1529 1508 naturam
1542 1466 1577 1507 ex
1592 1466 1691 1520 carne,

70 1584 75 1608 ,
94 1555 160 1594 ecce
175 1540 309 1595 videmus
324 1544 353 1596 st
376 1541 536 1613 gaudemus
549 1541 578 1597 in
592 1543 704 1600 tonnae
732 1560 812 1600 com·
866 1541 917 1597 sed
933 1559 949 1598 a
963 1541 1076 1600 loacas
1088 1547 1285 1600 renascuntur
1296 1541 1431 1599 homiues
1442 1557 1476 1597 ex
1487 1556 1564 1613 aqua
1573 1539 1699 1614 perspi-

70 1645 114 1698 m;
128 1629 198 1701 quia
208 1630 291 1685 multi
306 1629 336 1684 in
351 1630 411 1701 ejus
422 1631 573 1688 nativitate
583 1633 728 1689 meatur.
742 1635 811 1689 Ver·
865 1631 975 1701 ritum
992 1635 1072 1704 quia,
1090 1633 1147 1688 nisi
1158 1633 1225 1705 quis
1235 1638 1356 1689 renatus
1368 1631 1498 1687 lueritex
1508 1630 1693 1703 aquaetSpi·

70 1722 161 1774 tutem
170 1718 335 1789 angelicum
344 1719 810 1793 trifariumresonatintellectum,
866 1719 923 1776 ritu
934 1727 1046 1789 sancto,
1063 1738 1120 1777 con
1131 1721 1254 1778 intrabit
1263 1721 1294 1777 iu
1307 1735 1430 1793 reguum
1444 1718 1597 1776 caelorum.
1608 1719 1691 1785 Quod

76 1808 147 1863 dum
157 1808 300 1879 triplicem
314 1809 495 1866 nativitatem
506 1811 640 1875 loannis,
652 1813 811 1878 carnalem,
866 1814 963 1865 autem
975 1814 1076 1864 uatum
1092 1815 1138 1865 est
1152 1827 1186 1865 ex
1197 1825 1372 1877 coenaturo
1383 1815 1428 1865 est
1439 1825 1447 1865 ι
1459 1813 1488 1863 et
1497 1806 1575 1879 quod
1588 1812 1689 1863 natum

70 1896 227 1952 mentalem
242 1903 270 1952 et
291 1898 485 1968 spiritualem.
516 1898 681 1965 carnalem,
707 1917 810 1957 secun·
865 1903 910 1953 est
926 1915 961 1953 ex
972 1898 1075 1970 spiritu
1094 1899 1218 1972 spiritua
1228 1903 1273 1955 est
1284 1901 1373 1971 (lana.
1386 1898 1440 1968 ui).
1455 1919 1470 1947 n
1481 1894 1690 1953 Sulflcitmodc

70 1985 221 2041 historiam
236 2002 242 2040 :
260 1988 516 2056 sacramentalem,
530 1991 692 2045 secundum
706 1990 812 2062 allego·
865 2003 967 2058 parum
983 1988 1019 2042 de
1029 1993 1112 2044 tanto
1123 1987 1261 2061 mysterio
1272 1985 1441 2060 prelibasse
1451 2002 1459 2041 τ
1471 1984 1543 2057 quia
1554 2001 1612 2041 nou
1626 2000 1689 2040 cm·

70 2100 73 2137 ;
99 2073 296 2146 spiritualem,
322 2077 485 2132 secundum
512 2077 715 2150 tropologiam.
745 2081 811 2137 Sive
865 2076 913 2132 nia
928 2081 998 2132 sunt
1012 2077 1148 2133 omnibus
1163 2077 1345 2149 exponenda.
1361 2079 1448 2131 tuxta
1469 2074 1546 2147 quod
1576 2073 1691 2129 Veritas

70 2162 140 2228 lem,
171 2167 335 2220 secundum
375 2171 528 2235 naturam;
557 2169 810 2241 sacramentalem,
865 2166 956 2222 saltz«
968 2165 1060 2222 Vobis
1075 2167 1177 2222 datum
1191 2169 1235 2222 est
1250 2181 1338 2221 nosse
1351 2163 1492 2238 mysteria
1514 2162 1596 2235 regui
1625 2161 1687 2231 liei,

70 2253 149 2308 ,dum
166 2254 287 2322 flgtrram
302 2275 309 2323 ;
328 2259 356 2310 et
367 2255 563 2326 spiritualem,
575 2258 738 2313 secandum
748 2274 811 2331 gra·
865 2254 978 2311 ceteris
991 2260 1088 2311 autem
1101 2255 1130 2312 in
1145 2255 1293 2329 parabolis
1303 2254 1416 2326 (Metili.
1429 2270 1481 2309 xtn
1493 2271 1500 2322 ;
1513 2252 1580 2309 Luc.
1596 2252 1691 2324 sud.»

81 2343 123 2400 Ad
140 2343 285 2400 carnalem
303 2345 485 2401 nativitatem
500 2345 662 2402 secundum
674 2351 810 2404 naturam
899 2343 981 2400 Multi
997 2344 1292 2417 quoquegaudentin
1311 2343 1463 2400 nativitate
1490 2340 1614 2397 loannis
1641 2356 1687 2397 se·

70 2436 119 2504 iet,
135 2433 213 2505 quod
229 2433 354 2489 audistis
370 2434 399 2489 ln
415 2435 590 2507 Evangelio:
608 2435 747 2493 Elisabeth
757 2436 811 2493 im·
864 2429 1691 2507 cundumtropolcgiam,universi,videlieet,quiuascen·

70 2523 413 2595 nasttempuspuriendi,
439 2533 466 2580 et
492 2526 602 2596 peperit
628 2524 733 2596 fitium.
766 2527 809 2583 Ad
867 2527 927 2579 tem
942 2523 972 2579 in
987 2541 1019 2580 se
1034 2524 1083 2578 Dei
1098 2525 1224 2596 gratiam
1240 2539 1306 2578 cum
1318 2520 1428 2577 mentis
1438 2519 1586 2575 hilaritate
1596 2518 1690 2575 sesci-

71 2610 229 2666 mentalem
243 2612 426 2669 nativitatem
438 2614 601 2669 secundum
611 2613 736 2685 liguram
746 2631 812 2687 spe·
866 2613 952 2686 piunt
965 2620 993 2670 el
1007 2616 1190 2669 conservant.
1208 2616 1246 2668 De
1262 2610 1445 2682 quadicebat
1458 2613 1487 2664 et
1499 2608 1602 2665 orabat
1612 2607 1693 2664 Psal-

70 2701 145 2771 uuod
162 2700 269 2756 dicitur
285 2718 337 2773 per
351 2702 542 2772 prophetam:
559 2724 574 2754 «
590 2703 766 2774 Priusquam
784 2709 812 2760 te
866 2703 973 2757 mista:
992 2699 1190 2757 «lieddemibi
1201 2695 1691 2769 letitiamsalutaristui,etspiritu

70 2790 639 2862 imminutero,novite(ler.1).rAd
669 2793 810 2865 spiritua·
865 2789 1396 2862 principaliconfirmame(Psat.a).
1414 2807 1429 2837 a
1452 2785 1581 2842 loannes
1610 2785 1690 2842 enim

69 2877 238 2934 nativitatem
253 2881 417 2935 secuudum
437 2880 561 2952 gratiam
578 2885 701 2953 spectat,
730 2884 808 2954 quod
864 2879 1076 2952 interpretatur
1089 2877 1180 2952 prolia
1193 2877 1256 2940 Dei,
1271 2894 1333 2948 quta
1347 2892 1399 2948 per
1413 2876 1549 2932 allectum
1562 2873 1690 2946 concipi·

70 2965 160 3040 »gelus
174 2983 182 3022 ι
198 2966 303 3039 Spiritu
318 2972 411 3026 sancto
421 2969 573 3041 replebitur
585 2969 720 3027 adtacta
730 2976 810 3029 atera
864 2972 923 3034 tur,
940 2986 991 3042 per
1005 2968 1141 3025 effectum
1159 2966 1301 3037 nascitur,
1317 2970 1346 3021 rt
1356 2980 1408 3038 per
1419 2964 1584 3038 protectum
1596 2960 1693 3019 autri·

70 3070 159 3114 ssuae.
171 3057 338 3113 Secundum
354 3058 508 3113 historiam
523 3060 601 3114 enim
624 3059 710 3115 multi
737 3076 809 3133 gau·
864 3064 921 3114 tur.
939 3058 979 3113 De
993 3057 1058 3130 ipso
1072 3071 1202 3129 namque
1225 3055 1338 3112 Joanue
1354 3058 1449 3109 mater
1473 3051 1591 3108 aiebat:
1621 3050 1692 3107 «Ex

70 3144 99 3200 iu
115 3145 267 3201 nativitate
280 3147 405 3203 loannis
417 3164 423 3201 ε
437 3163 494 3203 non
511 3146 608 3204 solum
639 3148 809 3221 Christiani,
864 3164 923 3219 quo
938 3148 1015 3205 lactc
1029 3151 1074 3204 est
1088 3163 1141 3202 vox
1155 3142 1341 3203 salutationis
1352 3148 1408 3199 tua
1424 3143 1454 3198 in
1468 3141 1591 3198 auribus
1615 3138 1690 3198 meis

70 3235 810 3310 uetiamlgareni:quioredentesipsumtuisse
864 3232 1430 3309 exultavitingaudioiulansinutero
1446 3247 1530 3300 meo,
1555 3229 1687 3301 quiare-
1795 3218 1802 3295 s

70 3327 170 3391 istam,
186 3325 250 3395 ejus
267 3325 447 3382 nativitatem
464 3326 808 3385 celebrantetexsultant.
863 3326 1032 3398 pletusluit
1058 3325 1168 3397 Spiritu
1195 3328 1295 3380 sancto
1323 3337 1359 3378 ex
1386 3325 1468 3377 utero
1494 3319 1597 3376 matris
1626 3335 1688 3376 suc

70 3415 161 3469 tutem
177 3413 306 3470 heretici
321 3415 453 3471 etludici
464 3414 555 3487 hujus
566 3417 746 3489 gaudiisuat
757 3417 810 3473 im·
862 3415 940 3487 (luc.
955 3417 990 3487 ι).
1008 3435 1023 3465 n
1039 3415 1118 3471 ldem
1134 3413 1257 3485 angelus
1267 3409 1453 3468 annuntiavit
1464 3408 1540 3482 patri
1550 3408 1687 3464 nativita-

74 3502 276 3574 ,quiahujus
296 3504 363 3559 tidei
391 3509 462 3559 sunt
489 3510 632 3575 expertes.
661 3505 807 3561 Gaudium
863 3497 1687 3574 temloannis,quiannuntiavitmatrlnativitatemleau,

69 3591 97 3646 iu
113 3592 291 3663 quibusdam
308 3593 441 3664 partibus
467 3598 677 3664 repraesentant
705 3594 807 3666 puellae
861 3584 1687 3659 videlicetGabriel:annuntiansutrcbiquemiraculum,

79 3679 238 3751 psallentes
253 3681 283 3737 in
299 3682 451 3749 cymbalis,
468 3682 662 3738 etcorcnulae
676 3684 806 3740 deteren-
861 3685 889 3737 et
902 3680 1027 3755 virginis
1042 3685 1071 3738 et
1085 3677 1193 3736 sterilis
1208 3681 1338 3752 partum.
1352 3675 1476 3733 loannis
1504 3678 1604 3731 autem
1627 3689 1686 3730 uon

70 3784 81 3823 t
99 3767 165 3823 aliis
179 3786 246 3825 vero
262 3770 396 3841 partibus
414 3771 495 3842 pueri
513 3787 579 3827 ossa
595 3770 717 3829 collecta
741 3790 806 3830 cre·
860 3776 1032 3845 conceptum
1046 3768 1190 3844 predixit,
1201 3768 1250 3824 sed
1263 3771 1359 3823 edum
1373 3769 1461 3835 3leac
1472 3779 1541 3820 varo
1552 3760 1688 3837 predixit

70 3872 97 3914 es
111 3862 141 3913 et
155 3857 290 3914 ludentes
306 3860 342 3914 nd
355 3859 465 3932 ignem.
482 3860 560 3916 Licet
569 3861 804 3921 eniminstitutio
859 3867 970 3929 ortum,
987 3860 1151 3933 pariterque
1166 3861 1349 3931 conceptum.
1361 3859 1435 3911 Nam
1446 3852 1592 3909 Zacharia
1607 3850 1686 3924 patri

69 3947 166 4016 tuerit,
185 3949 306 4005 intentio
320 3953 419 4005 tamen
435 3952 480 4006 est
491 3966 573 4007 sana.
819 3931 841 3999 C
860 3951 1041 4024 praedicitur:
1051 3970 1065 4001 a
1075 3946 1224 4005 Elisabeth
1236 3944 1475 4017 uxortuapariet
1485 3942 1538 3998 tibi
1549 3940 1643 3997 illium
1655 3944 1687 3996 st

73 4053 103 4093 ro
119 4038 282 4092 secuudum
295 4037 477 4110 allegoriam,
491 4039 671 4096 nativitatem
682 4040 805 4099 loannis
859 4039 976 4098 vocabis
992 4056 1097 4096 nomen
1111 4039 1175 4109 ejus
1189 4036 1333 4093 loannem
1349 4032 1463 4104 (ibidlt
1481 4053 1496 4081 r
1511 4029 1563 4087 sed
1584 4027 1684 4086 Marias

70 4125 177 4198 guravit
193 4126 332 4182 nativitas
348 4128 450 4190 lanam·
466 4144 534 4183 nam
552 4133 675 4201 uterque
690 4130 806 4189 tuitus·
859 4129 947 4187 matri
960 4127 1146 4201 predicitur:
1161 4150 1175 4177 a
1193 4124 1345 4197 concipies
1360 4122 1391 4178 in
1406 4125 1502 4186 utero,
1530 4123 1560 4175 st
1587 4115 1685 4189 parles

70 4231 169 4284 isene,
187 4220 309 4288 uterque
319 4217 355 4271 de
369 4215 470 4284 sterili,
488 4222 611 4288 uterque
624 4223 653 4274 st
668 4236 804 4291 pranun·
859 4218 966 4283 lilium,
980 4223 1010 4273 et
1023 4216 1140 4272 vocabis
1156 4230 1262 4270 nomen
1279 4213 1346 4284 ejus
1361 4210 1464 4266 lesum
1479 4206 1583 4278 (illd).
1601 4226 1617 4257 a
1627 4204 1687 4262 Cur

80 4310 109 4362 et
125 4305 354 4376 prenominatus
370 4306 406 4360 ab
426 4306 540 4377 angelo,
558 4306 606 4362 ille
626 4310 717 4377 Isaac,
748 4310 804 4366 ists
858 4305 939 4363 boc‘l
954 4305 1013 4361 nisi
1028 4304 1105 4376 quod
1120 4304 1250 4359 loannes
1275 4300 1330 4355 luit
1358 4300 1519 4368 conceptus
1542 4293 1685 4367 inculpa,

71 4409 113 4450 es.
130 4397 162 4450 lu
180 4394 333 4450 nativitate
346 4396 426 4450 lsaac
437 4395 477 4449 ait
488 4396 579 4450 Sura:
595 4419 606 4444 ι
621 4396 723 4453 Risum
737 4398 804 4455 tecit
857 4395 938 4452 solus
954 4399 1050 4451 autem
1067 4393 1201 4448 Christus
1220 4390 1273 4447 luit
1298 4387 1362 4444 siue
1386 4385 1475 4459 culpa
1502 4390 1682 4456 concaptus:

70 4482 413 4556 lominus3quaenunque
422 4484 802 4546 audieril‚corridebitmihi
857 4491 980 4558 uterque
994 4499 1061 4538 vero
1077 4487 1164 4537 natus
1180 4481 1207 4534 in
1220 4480 1314 4551 gratia
1327 4494 1334 4533 ε
1347 4481 1377 4531 et
1386 4476 1452 4531 ideo
1464 4474 1619 4545 utriusque
1630 4488 1686 4529 na·

70 4572 136 4643 aar).
155 4594 169 4621 »
186 4572 804 4635 lnnativitateloannisaudteatetuict'aiet
857 4570 1151 4638 tivitasrclitur,aed
1168 4569 1261 4626 solius
1290 4565 1399 4625 Christi
1430 4561 1581 4636 conceptio
1608 4560 1685 4621 calc·

70 4661 98 4725 ri,
114 4661 385 4733 quiamapaifiaavit
400 4663 719 4721 misericordissimam
739 4682 803 4723 cum
855 4664 968 4721 beatur.

70 4750 124 4820 atlr,
152 4752 419 4822 aaaoratatalaatur
447 4754 482 4808 el.
510 4752 564 4809 Sed
580 4757 609 4809 ut
634 4754 800 4826 Zacharias,
854 4752 965 4809 Verum
981 4767 1017 4807 ne
1033 4749 1118 4823 louge
1145 4751 1281 4820 petamus
1307 4741 1454 4817 exempla,
1483 4740 1625 4815 quoniam
1652 4739 1683 4797 in

70 4856 113 4896 ton
129 4841 254 4896 credidit
264 4841 380 4913 angelo,
398 4841 493 4897 lactus
508 4845 553 4898 est
568 4846 671 4898 mutua
688 4844 798 4911 ;abra·
854 4838 1128 4914 quolibeiposttum
1146 4851 1307 4911 pessumus
1322 4831 1474 4890 moraliter
1488 4828 1618 4887 invenire
1631 4829 1684 4885 Za-

70 4928 139 5001 quia
154 4930 279 4986 credidit
295 4930 364 5001 Deo,
382 4934 550 5003 reputatum
565 4935 611 4987 est
624 4932 650 4988 ei
662 4933 699 4989 ad
709 4932 800 5005 Justi·
854 4928 984 4987 chariam
999 4935 1028 4985 et
1043 4943 1163 4985 uxorem
1179 4928 1245 4998 ejus
1260 4921 1420 4994 Elisabeth,
1436 4937 1500 4994 quse
1515 4916 1594 4993 parit
1605 4916 1631 4974 ei
1646 4916 1684 4972 a·

70 5018 209 5074 abraham
226 5020 328 5091 genuit
350 5023 442 5085 lsaac,
458 5022 540 5076 lsaac
567 5021 670 5093 genuit
696 5022 798 5094 Jacob,
854 5018 939 5088 lium,
954 5018 1020 5091 ejus
1036 5033 1141 5074 nomen
1158 5015 1246 5072 debet
1260 5014 1356 5070 vocari
1370 5014 1498 5069 loannes
1511 5024 1518 5063 ε
1532 5030 1546 5058 a
1563 5004 1682 5076 uritque

78 5107 180 5181 genuit
196 5108 352 5163 duodecim
369 5109 553 5180 patriarchas
564 5109 644 5178 (Gen.
655 5110 736 5182 arti),
754 5110 798 5168 sic
853 5109 909 5167 sibi
925 5107 1065 5183 gaudium
1079 5112 1108 5163 et
1122 5103 1291 5161 exsultatio.
1308 5098 1441 5158 etmulti
1468 5096 1498 5153 in
1528 5092 1682 5151 nativitate

71 5195 169 5254 hariae
183 5200 339 5264 loannem,
349 5197 477 5254 loannes
486 5198 650 5265 Christum,
661 5198 798 5257 Christus
852 5201 916 5271 ejus
927 5192 1210 5271 gaudebunttiaid.).
1224 5214 1235 5242 v
1248 5188 1396 5247 Elisabeth
1407 5196 1618 5282 namqueuxor
1625 5181 1680 5237 Za

70 5284 125 5341 cim
141 5286 289 5358 apostolos
304 5286 463 5358 generavit.
480 5288 533 5344 Sed
551 5288 628 5344 iuter
646 5286 795 5345 Christum
811 5303 835 5370 υ
851 5287 957 5344 charia
971 5289 1055 5359 potes
1070 5282 1279 5354 iutelligicaro
1294 5277 1433 5350 copulata
1447 5271 1576 5373 spiritui.
1605 5268 1680 5336 Quia

70 5391 153 5431 anem
164 5375 364 5448 generationis
378 5376 448 5432 ordo
478 5381 611 5433 mutatus
639 5380 701 5446 sat3
727 5394 796 5434 uam
851 5377 929 5434 sicut
942 5375 986 5432 vir
1001 5371 1127 5446 castigat
1141 5373 1170 5427 et
1185 5368 1258 5442 regit
1273 5380 1404 5431 uxorem,
1420 5361 1463 5419 ita
1487 5362 1610 5461 spiritns
1631 5374 1680 5415 ca·

70 5464 381 5537 riasgenuitloannem
391 5466 556 5524 secundum
568 5482 699 5539 carnem,
710 5466 797 5524 lcan-
851 5465 960 5539 stigare
970 5463 1057 5520 debet
1071 5466 1100 5517 et
1114 5473 1213 5533 regere
1228 5469 1358 5527 carnem,
1375 5467 1411 5509 ne
1422 5452 1496 5509 forte
1506 5446 1642 5551 lasciviat
1650 5449 1682 5505 st

70 5559 134 5612 item
146 5553 294 5611 Christum
311 5568 345 5610 ex
361 5569 439 5625 aqua
458 5556 621 5615 secundum
640 5555 796 5629 Spiritum.
852 5553 1005 5614 incidatis
1016 5546 1219 5611 inculcationis
1231 5537 1678 5623 reatum.llccpatialeldltam
