3796 5986
74 279 132 336 ete

323 410 360 467 lle
380 411 503 483 nuptiali
516 412 652 471 conuiuio.

107 500 180 557 Cum
196 504 295 556 eutem
308 501 475 572 ingreditur
487 503 614 559 Ecclesia
626 506 656 560 in
666 505 756 561 locum
765 505 787 540 Π
807 504 899 561 taber·

69 591 173 647 nacula
196 589 377 647 adrnirabitts
390 607 477 663 usque
498 593 537 649 ad
563 593 675 651 domum
690 595 748 658 ltei,
774 598 853 663 tuuc,
870 596 899 650 in

73 696 136 738 uoce
149 678 345 748 cantationis,
360 683 387 735 et
400 683 593 751 crrnfessicnis,
610 683 665 739 erit
681 699 765 739 sanus
783 685 899 755 epulan·

70 772 123 827 tis:
134 776 206 826 tunc
221 769 250 825 in
267 768 331 825 cmii
353 767 462 841 pnlstio
478 771 609 842 nuptiale
635 773 799 828 convivium
823 772 898 830 eele-

71 859 182 927 brebit,
198 859 235 915 de
250 875 309 931 quo
321 858 437 916 veritas
453 859 552 933 inquit
568 861 716 932 Apostolis
729 878 736 918 :
751 862 773 898 ἵ·
788 862 896 935 Edetis,

69 952 96 1006 et
107 948 204 1005 bibetis
217 964 300 1020 super
314 964 437 1004 mersam
448 965 541 1005 mecm
552 952 583 1006 in
603 966 690 1024 repna
701 966 770 1009 mec.
788 953 823 1007 tn
836 953 897 1008 An·

69 1037 155 1113 gelus
171 1038 206 1094 sd
222 1038 366 1095 loannem
381 1039 404 1074 ²⁸
419 1041 498 1095 Beati
510 1039 560 1111 qui
583 1039 623 1096 ad
644 1056 753 1097 coenam
779 1043 896 1111 nuptia·

68 1145 133 1184 rum
147 1129 218 1199 Apni
240 1129 328 1184 vocati
340 1135 417 1185 sunt.
442 1130 535 1185 Faciet
550 1128 649 1186 itics⁸⁰
676 1130 854 1201 discumbere,
870 1140 897 1188 et

67 1221 208 1274 transiens
226 1216 401 1273 ministrabit
425 1217 491 1274 iliis.
511 1220 590 1275 Beati
611 1219 634 1256 ⁸¹
650 1219 700 1293 qui
713 1220 853 1288 esuriunt,
869 1230 897 1278 et

67 1307 171 1363 sitiunt
184 1306 336 1375 iustitiam,
355 1306 488 1378 quoniam
506 1308 561 1380 ipsi
574 1310 784 1365 saturabuntur.
800 1311 836 1366 Et
851 1310 895 1366 in·

552 285 601 341 DE
619 287 921 354 Qucntttnsttttnt
938 287 1065 344 SPECIR
1084 286 1310 346 nunttttttttt.

1734 294 1789 355 946

917 415 1024 483 Αωνο
1038 432 1100 471 mca
1122 425 1162 472 est
1174 431 1223 489 pre
1233 415 1333 472 mundi
1356 417 1485 474 viln.Hic
1496 423 1650 494 estttgnus
1659 423 1786 496 pesche-

954 503 1001 573 lis,
1017 522 1052 562 ex
1063 522 1120 578 quc
1130 505 1153 543 ⁰⁸
1165 523 1220 561 non
1230 506 1345 561 crudum
1366 507 1433 577 quid
1445 523 1496 565 nec
1509 514 1616 566 coctum
1640 527 1713 583 aqua
1736 516 1785 573 sed

954 602 1062 650 tantum
1076 612 1169 650 arsam
1194 598 1252 667 t'pui
1273 596 1413 667 J'nbcmur
1435 599 1598 665 comedere,
1613 610 1696 671 caput
1719 619 1783 662 cum

952 683 1076 752 pedibus,
1091 689 1118 740 et
1132 687 1270 741 intestinis
1286 686 1440 742 vorare.·Si
1453 687 1521 759 quid
1532 691 1677 746 residuum
1690 692 1779 764 luerit

954 775 1014 846 iani
1021 773 1191 830 comburere.
1204 773 1314 829 illesus
1325 773 1448 830 dividitu
1454 792 1477 842 r,
1490 782 1520 832 et
1529 776 1642 850 integer
1654 783 1777 838 mando·

953 867 1047 920 cetur.
1064 862 1138 919 tivit
1161 863 1370 932 manducatus,
1386 864 1438 936 qni
1463 866 1622 923 resurrexit
1649 870 1776 930 occisus.

952 951 1159 1018 Manducntns,
1175 969 1234 1010 non
1248 953 1384 1022 moritur,
1397 955 1448 1024 qui
1467 955 1627 1013 resurrexit
1641 973 1699 1014 non
1715 974 1783 1018 tnn-

952 1041 1073 1098 riturue.
1083 1041 1188 1097 Totum
1200 1040 1390 1112 comedit,qui
1407 1044 1782 1121 quartumdecimum·

951 1146 1005 1187 nec
1020 1131 1070 1203 qui
1087 1129 1155 1204 plus
1170 1129 1335 1200 collegerat,
1352 1130 1458 1188 hebuit
1484 1133 1624 1207 emplius,
1650 1152 1703 1195 nec
1727 1136 1779 1211 qui

951 1220 1052 1277 minus
1068 1224 1232 1292 purnvernt,
1247 1220 1355 1293 reperit
1369 1220 1478 1278 minus.

1297 1310 1334 1365 De
1350 1310 1426 1367 Vino.

68 1396 284 1453 ebriabuntur⁸¹
297 1397 331 1453 ab
346 1399 472 1454 ubertate
494 1397 591 1455 domus
608 1401 670 1455 Dei.
694 1399 816 1467 Quendo
839 1408 895 1456 tor-

66 1495 147 1543 rente
163 1487 312 1557 cctuplctis
325 1501 386 1545 suae
399 1487 503 1558 potabit
517 1503 573 1554 ecs,
588 1505 705 1561 semper
719 1490 894 1546 sntnrsbun·

64 1580 124 1639 tur.
140 1585 165 1631 et
177 1592 330 1648 nunquam
340 1576 502 1633 fastidient.
516 1578 663 1634 Saturitas
673 1578 724 1634 ille
740 1596 891 1652 nunquam
950 1577 1040 1632 miste
1052 1594 1058 1632 :
1070 1578 1092 1613 ’Ἰ
1101 1577 1229 1647 poculum
1241 1576 1483 1648 tuuminebriarrs,
1499 1596 1583 1650 quam
1604 1581 1773 1652 preclarum

61 1665 197 1722 incurret
210 1666 448 1739 fastidiumquie
459 1667 895 1741 suavitasillnsemperingeret
948 1666 999 1722 esll
1013 1667 1093 1733 Quod
1116 1683 1174 1722 non
1196 1665 1265 1721 lecit
1279 1666 1387 1732 ebrios,
1403 1669 1453 1723 sed
1471 1669 1567 1725 reddit
1582 1670 1697 1728 sobrios
1713 1688 1721 1728 c
1737 1672 1773 1729 nt

60 1755 257 1813 desiderium.
271 1756 353 1812 Tunc
369 1755 455 1828 plene
468 1760 645 1828 gustabunt,
655 1757 680 1792 ¹⁸
694 1773 781 1828 quem
797 1757 894 1815 dulcis
908 1784 932 1850 B
948 1771 1006 1826 quo
1021 1754 1089 1827 plus
1106 1760 1234 1827 potetur,
1245 1771 1279 1810 ec
1293 1754 1361 1827 plus
1379 1755 1539 1813 ellectstur.
1557 1758 1771 1817 Generetdesi·

64 1850 110 1903 est
123 1844 264 1901 Dominus
276 1863 284 1902 :
296 1862 363 1901 cum
376 1846 439 1917 ipse
452 1847 526 1902 Ceus
539 1847 595 1901 erit
607 1845 701 1903 omnic
711 1847 741 1902 in
756 1846 893 1910 amnicas,·
948 1844 1075 1911 derium,
1088 1845 1164 1916 quod
1179 1860 1236 1898 non
1249 1845 1324 1916 perit
1336 1845 1503 1904 festidium:
1516 1851 1544 1903 et
1557 1847 1623 1903 ideo
1637 1849 1688 1920 qui
1705 1847 1773 1921 plus

66 1935 91 1971 ⁸⁸
106 1934 204 2001 Cibus,
220 1940 317 2006 potue,
333 1935 485 2002 saturitas,
501 1943 528 1992 et
543 1939 666 1992 setietns
686 1936 869 2010 singulorum
882 1955 891 2006 ς
947 1932 1030 2002 bibit,
1044 1932 1110 2005 plus
1123 1932 1196 2003 sitit,
1209 1933 1300 1989 denec
1312 1950 1381 2005 spes
1396 1936 1563 1991 muteturin
1575 1952 1648 2006 rem,
1660 1943 1689 1993 et
1699 1938 1772 1996 tides

68 2023 192 2080 dulcedo
205 2023 366 2096 corporalis
378 2040 385 2079 :
399 2024 530 2081 saevitas
555 2023 711 2081 inelinbiiis
728 2041 735 2081 ε
752 2026 824 2083 odor
845 2025 891 2083 in·
945 2021 975 2076 in
987 2022 1125 2094 speciem.
1141 2022 1195 2078 Hic
1205 2027 1250 2078 eet
1264 2021 1339 2077 culix
1355 2023 1420 2078 novi
1432 2025 1600 2080 testamenti
1615 2024 1770 2084 continens

66 2111 255 2171 extimnbilie.
286 2117 378 2187 Quam
403 2114 533 2184 mapnc⁸⁸
561 2113 710 2171 multitudo
734 2114 890 2172 dulcedinis
944 2111 1091 2166 viuumin
1112 2127 1171 2184 quo
1197 2109 1767 2185 stoln'lnvetur,⁸⁸etpelliuminsen-

64 2201 360 2273 cremoniensium
374 2201 544 2257 abscondisti
557 2201 716 2258 timentibus
725 2201 770 2258 tel
785 2208 889 2275 tingue
943 2203 1109 2273 guineuvss.
1120 2201 1143 2257 0
1153 2217 1292 2273 magnum
1304 2206 1332 2256 ct
1341 2202 1472 2258 snlutere
1482 2203 1693 2268 convivium,in
1704 2222 1764 2278 quo

64 2290 185 2364 quidem
197 2296 242 2346 est
257 2290 415 2347 multitudo
426 2291 601 2359 dulcedinis,
611 2293 750 2364 quonium
761 2309 817 2348 unu
828 2293 886 2348 sui·
942 2307 1009 2348 cara
1018 2292 1124 2348 Christi
1138 2295 1313 2358 comeditur,
1323 2299 1351 2349 et
1362 2294 1484 2365 sanguis
1495 2293 1602 2350 Christi
1624 2296 1761 2369 poteturl

63 2380 124 2436 ticit
140 2381 290 2444 omnibus,
306 2384 336 2434 et
355 2396 411 2435 non
431 2380 585 2436 sulliciunt
599 2396 702 2436 omnes
717 2381 779 2447 uni,
795 2397 884 2452 quem
941 2381 1014 2438 Csrn
1031 2383 1152 2450 munde,
1168 2398 1235 2438 curo
1250 2400 1334 2454 pure,
1349 2399 1417 2439 cero
1432 2384 1557 2454 sincere,
1569 2384 1762 2455 delectabilis,

61 2475 159 2526 minen
177 2486 235 2525 uon
252 2470 280 2525 in
296 2471 432 2541 presenti
444 2469 561 2543 tribuis,
574 2471 622 2525 end
635 2469 664 2525 in
678 2472 776 2526 tuturo
791 2486 884 2525 reser·
940 2469 1088 2538 emnbilis,
1104 2472 1213 2527 euntis.
1228 2473 1354 2545 Sanguis
1369 2471 1538 2544 prtsclarue,
1554 2474 1677 2545 sanguis
1693 2491 1761 2547 pre·

61 2576 113 2626 res
132 2575 138 2615 :
155 2559 294 2631 quonism
310 2558 484 2614 abscondisti
497 2575 559 2614 enm
572 2561 732 2615 timentibus
746 2564 780 2615 le.
791 2559 884 2615 Satio·
937 2561 1171 2633 tiosue‚ssnguis
1186 2562 1580 2634 scceptue.senctilicucs,et
1593 2562 1757 2631 vivificans,

985 1397 1163 1471 Propinntur
1174 1399 1326 1469 etvinum,
1338 1400 1425 1471 quule
1437 1417 1489 1456 neo
1498 1403 1613 1475 Cyprus
1622 1403 1645 1439 ⁸⁸
1661 1404 1774 1478 attulit,

950 1503 1002 1542 nec
1017 1493 1061 1543 est
1078 1493 1228 1559 repertum
1246 1487 1274 1541 in
1290 1486 1443 1559 Engaddi:
1466 1489 1502 1545 de
1522 1506 1581 1561 quo
1594 1490 1665 1547 dicit
1689 1491 1771 1550 Psel·
1881 1552 1885 1561 ,

63 2648 282 2721 bcr,inquit,“
310 2664 373 2703 cum
395 2649 622 2721 manifestabitur
645 2651 813 2721 gloriatur.
840 2650 883 2704 Tu
939 2650 1760 2723 etemundens,supermeletlevumdulcisestenimn
1873 2718 1877 2725 Ι

63 2753 168 2811 nempe
185 2737 283 2792 dixisti
301 2753 308 2792 ε
323 2737 345 2773 ’²
365 2739 419 2806 Epo
435 2740 554 2793 virrcenti
567 2737 639 2794 dabo
648 2738 884 2795 monacisccnrii·
940 2738 1083 2813 diligenti.
1099 2739 1178 2804 Onnd
1206 2740 1333 2812 quisque
1348 2738 1505 2796 sulubriter
1526 2741 1620 2813 cupit,
1635 2742 1689 2799 boc
1703 2740 1761 2799 sibl

62 2833 133 2884 tum.
150 2826 228 2896 Quod
241 2842 292 2882 nec
306 2827 400 2883 mutus
416 2826 439 2862 ⁸⁸
453 2825 532 2889 vidit.
547 2843 597 2883 nec
609 2829 688 2883 auris
702 2830 822 2896 audierit,
836 2844 886 2884 nec
939 2830 1069 2886 suaviter
1084 2829 1170 2901 eupit.
1180 2828 1252 2884 Nam
1270 2830 1418 2900 quomodo
1430 2829 1552 2885 virtutes
1565 2847 1622 2886 nnn
1634 2836 1761 2905 superet,

63 2918 95 2974 iu
107 2932 155 2972 cor
168 2915 590 2986 tamtnmasrentttnndpot·
598 2919 720 2973 vincenti
728 2918 799 2975 dabo
807 2918 888 2974 edere
939 2919 969 2974 in
986 2934 1044 2989 quo
1059 2923 1105 2974 est
1117 2916 1448 2990 plenitudovirtulumt
1467 2917 1497 2973 Si
1517 2918 1596 2991 cupit
1612 2919 1760 2991 virtutem,

61 3007 96 3072 de
111 3008 193 3080 lipnc
204 3005 339 3079 citaequte
349 3015 387 3062 est
401 3009 432 3062 in
443 3008 572 3077 paradiso
587 3007 636 3063 llei
648 3007 715 3064 mn.
735 3009 789 3080 Epo
810 3009 833 3044 ⁸⁰
846 3010 884 3065 si·
940 3013 969 3065 et
979 3007 1168 3080 sapientiem,
1179 3005 1345 3062 Christusll
1355 3011 1399 3061 est
1409 3005 1459 3062 Dei
1472 3008 1574 3072 virtus,
1597 3013 1624 3063 et
1642 3009 1763 3079 snpien-

61 3095 354 3167 tientidcbcdcsontc
369 3096 649 3168 connumeratis:
665 3098 700 3154 de
711 3114 769 3170 qun
783 3097 833 3171 qni
843 3100 884 3154 bi·
940 3099 991 3153 tis.
1009 3097 1038 3153 st
1061 3099 1141 3168 cupit
1167 3096 1332 3163 ueritatem,
1347 3101 1376 3151 et
1398 3096 1499 3166 vitem,
1522 3097 1657 3155 Christus
1669 3099 1703 3136 ¹⁰⁰
1718 3102 1763 3155 cst
1870 3108 1874 3115 ·

60 3186 141 3254 berit,
157 3187 178 3223 ⁸¹
190 3202 247 3243 nun
260 3187 336 3242 sitiet
351 3187 378 3242 ie
391 3197 537 3244 teramum.

259 3276 295 3332 lte
317 3274 524 3332 sacramentali
538 3276 680 3333 Convicio.

94 3365 215 3423 Interim
231 3376 328 3421 autent
344 3367 437 3422 donec
454 3382 563 3436 sponse
585 3367 757 3422 traducetur
773 3366 803 3421 in
822 3381 885 3438 reg·
937 3368 1002 3424 caela
1016 3367 1173 3439 prestitisti
1187 3365 1227 3422 eis
1241 3368 1301 3421 sine
1316 3366 1421 3432 labare,
1440 3381 1520 3423 amne
1534 3365 1760 3424 delectamentum
1838 3434 1841 3439 ¹

56 3471 141 3521 num,
159 3471 194 3510 ne
208 3454 326 3511 deliciet
341 3455 532 3527 expectando,
548 3471 678 3527 sponsus
701 3454 727 3510 ei
753 3455 885 3512 solemne
937 3460 968 3515 in
983 3473 1012 3513 se
1025 3456 1180 3523 tabentem,
1195 3460 1221 3512 el
1235 3457 1325 3511 omnis
1339 3456 1638 3526 repensationem.
1661 3457 1757 3527 Punic,

57 3544 224 3602 concivium
241 3545 426 3616 properavit,
442 3548 641 3617 quantumst
657 3543 813 3616 quulenon
830 3545 885 3601 luit
937 3545 1067 3618 inquit-‚¹
1081 3561 1161 3618 quem
1185 3561 1236 3615 epa
1260 3545 1340 3613 dabo,
1356 3559 1425 3600 carc
1439 3560 1500 3599 inea
1524 3547 1563 3600 est
1585 3559 1638 3616 pro
1662 3545 1760 3603 mundi

59 3634 200 3693 centulo
211 3634 401 3691 celebratum.
420 3633 495 3690 Illud
519 3633 631 3704 utique,
648 3634 726 3704 quod
754 3633 814 3690 lllic
839 3653 884 3691 re·
936 3640 1001 3692 uita.
1019 3634 1110 3690 Tanta
1124 3631 1244 3689 caritate
1257 3650 1384 3705 sponsus
1400 3633 1497 3705 diligit
1512 3634 1759 3704 sponsum,utilii

940 3189 998 3253 vin,
1013 3194 1042 3243 et
1068 3187 1185 3255 veritus,
1202 3192 1231 3242 et
1253 3185 1321 3241 vitn.
1347 3186 1482 3242 Currenti
1505 3203 1556 3259 per
1571 3187 1688 3260 singule
1704 3204 1761 3245 non

938 3278 1064 3334 deerunt
1078 3275 1220 3348 exemplu.
1239 3275 1389 3347 Scriptum
1405 3281 1450 3331 est
1464 3276 1542 3331 enim
1561 3278 1711 3333 :Panrm¹
1728 3277 1761 3335 de
1870 3332 1873 3337 ,

60 3725 185 3782 vertenti
203 3728 286 3796 puter
300 3722 475 3789 exhibuit,in
486 3739 544 3796 quc
556 3723 648 3793 jussit
661 3724 684 3759 ⁸¹
700 3724 791 3780 occidi
806 3724 884 3780 vitu·

60 3813 123 3872 lum
140 3814 319 3885 saginatum.
334 3814 363 3868 ln
381 3813 434 3868 hoc
449 3813 580 3870 convivio
596 3812 706 3869 delicie
716 3813 884 3885 spirituales

60 3904 304 3975 mordentque
321 3920 378 3974 pre
393 3902 599 3972 ceterieeibie,
613 3907 642 3959 et
658 3903 774 3975 potibus
796 3920 878 3960 men·

58 3998 120 4052 tem
135 3997 257 4061 satient,
269 3999 297 4049 et
307 3992 455 4065 saginent.

401 4082 438 4137 be
452 4082 540 4138 Pane.

95 4171 184 4230 Panis
198 4172 276 4228 enim
292 4169 421 4228 coelestis
435 4171 604 4243 opponitur,
616 4170 653 4226 de
663 4186 721 4243 qno
733 4171 757 4207 ⁸³
772 4169 803 4226 st
823 4170 884 4243 puis

58 4263 287 4328 manducaverit,
296 4259 406 4317 uiuettn
419 4266 567 4318 aetcrnum.
578 4260 663 4315 Panis
680 4260 735 4315 iste
745 4262 882 4327 sumitur,

59 4369 118 4411 non
134 4351 338 4408 consumitur:
350 4349 457 4419 editur,
477 4355 507 4405 et
522 4365 579 4404 non
595 4350 745 4422 egeritur:
758 4350 882 4404 mendu-

61 4448 156 4511 nstur,
166 4447 196 4498 et
207 4457 265 4498 non
277 4444 491 4511 incorporetur,
505 4439 557 4494 sed
576 4438 772 4493 manducatus
791 4437 884 4494 incor-

936 3742 968 3782 se
984 3724 1094 3781 tribuat
1109 3740 1165 3778 con
1191 3722 1285 3779 solum
1302 3724 1483 3789 babendum,
1502 3739 1603 3779 verum
1619 3728 1649 3779 et
1662 3739 1758 3781 come·

937 3815 1076 3871 dendum.
1093 3813 1166 3869 Nem
1182 3814 1233 3885 qui
1249 3813 1440 3884 semetipsum
1452 3812 1574 3868 deditin
1588 3813 1760 3885 pretium,ut

937 3904 1094 3960 redimeret
1108 3907 1301 3972 nosemorte,
1313 3902 1506 3974 semetipsum
1525 3902 1649 3959 tradidit
1670 3902 1700 3958 in
1716 3902 1759 3958 ci·

937 3993 1020 4059 bum,
1032 3998 1065 4047 ut
1076 3992 1187 4048 nutriet
1208 4008 1261 4048 noe
1272 3993 1307 4047 ud
1326 3992 1425 4047 vilem.
1446 3990 1521 4060 Qui⁸
1535 3991 1683 4046 manducat
1704 4007 1758 4060 me,

935 4085 1198 4155 oicrtproptcrme.
1223 4084 1278 4135 Pro
1303 4081 1436 4153 corporis
1464 4097 1533 4152 ergo
1566 4080 1673 4148 salute,
1702 4079 1759 4136 snb

936 4170 1033 4243 specie
1049 4172 1133 4243 pecie
1149 4187 1215 4225 cero
1231 4170 1394 4225 comeditur
1405 4187 1413 4239 3
1424 4174 1453 4225 et
1467 4185 1518 4240 pro
1533 4166 1759 4240 seluteepiritus
1863 4174 1866 4179 '

936 4261 992 4317 sub
1007 4260 1104 4332 specie
1121 4259 1180 4314 vini
1200 4259 1323 4331 sanguis
1346 4265 1486 4329 potetur;
1511 4255 1685 4313 alterutrum
1701 4257 1757 4314 sub

936 4354 1071 4421 utruque.
1090 4349 1177 4403 Panis
1194 4348 1273 4403 enim
1288 4346 1457 4402 retertursd
1468 4361 1597 4416 curnem,
1612 4351 1642 4402 et
1656 4346 1757 4403 vinum

936 4439 972 4495 ed
996 4438 1124 4494 enirnsm
1136 4453 1144 4491 :
1158 4437 1227 4509 quis
1245 4437 1346 4491 vinum
1366 4435 1541 4507 sangninem
1564 4439 1711 4507 operatur,
1727 4435 1757 4492 in

61 4535 157 4604 peret,
172 4535 201 4586 et
218 4529 402 4585 manducans
413 4528 618 4599 incorporetur
637 4544 644 4581 :
668 4525 883 4582 transsubtien·
899 4527 921 4592 Ι)
936 4528 1012 4600 quod
1029 4529 1115 4582 sedes
1136 4532 1179 4583 est
1208 4525 1314 4581 enimn
1329 4541 1336 4580 :
1353 4528 1464 4598 Moyses
1490 4523 1601 4596 qnippe
1621 4528 1758 4593 testetur,

60 4621 152 4677 tintus
176 4636 233 4675 non
258 4620 497 4684 trunslormstur,
520 4616 571 4672 sed
595 4616 796 4687 transformet,
825 4632 880 4671 non

60 4709 346 4768 transsubstantiat:
363 4706 495 4780 qnotidie
512 4705 752 4773 manducetur,et
761 4723 818 4762 non
835 4706 883 4762 de·

937 4619 1014 4690 quad
1030 4633 1097 4673 curo
1114 4630 1311 4687 proserpere,
1327 4614 1450 4687 sanguis
1464 4620 1563 4670 eutem
1573 4614 1694 4671 offertur
1705 4630 1759 4688 pro

937 4706 1067 4763 enimsi.

1155 4794 1192 4849 ile
1205 4793 1399 4863 magnitudine
1412 4792 1543 4851 conuiuii.

957 4930 960 4935 .
973 4884 1015 4940 tid
1031 4882 1085 4939 boc
1101 4882 1265 4938 convivium
1278 4882 1484 4939 celebrandum
1496 4899 1553 4938 nun
1566 4881 1760 4937 solticitunus

938 4973 1012 5031 dies.
1029 4987 1086 5027 non
1104 4972 1213 5026 sul'licit
1228 4987 1304 5026 unus
1328 4971 1451 5041 mensis,
1476 4988 1534 5027 non
1558 4970 1669 5027 sulsscit
1684 4982 1762 5024 unus

60 4799 135 4866 licit,
151 4814 203 4854 nec
214 4797 367 4866 decrescit,
384 4795 455 4867 quin
470 4795 602 4867 quotidie
618 4795 882 4851 transsubstantie-

58 4894 121 4957 tur,
136 4895 165 4945 et
181 4903 232 4944 nec
249 4887 377 4959 prolicit,
393 4901 445 4942 nec
464 4885 614 4940 accrescit.

397 4977 434 5030 lle
451 4989 548 5030 carne.

95 5066 204 5123 Verum
219 5065 274 5121 sub
288 5065 382 5119 terme
399 5061 661 5137 penieeubetentic
676 5060 883 5117 cerniscnme·
938 5078 1035 5118 annus
1051 5060 1396 5132 sedepnssicnerristi
1413 5060 1468 5116 luit
1481 5059 1611 5125 initium,
1627 5062 1656 5114 et
1668 5071 1763 5131 usque
1817 5108 1820 5113 ⁴
1873 5118 1876 5125 ,

59 5154 331 5225 ditnr‚secundum
348 5152 477 5209 illud2⁰⁸
503 5153 599 5221 Panis,
628 5167 708 5224 quem
729 5166 778 5222 epa
802 5150 882 5219 dabo,
938 5150 1081 5207 ndtinem
1099 5149 1200 5205 mundi
1217 5149 1461 5221 perdurabitzut,
1480 5148 1550 5219 quie
1571 5145 1764 5219 quotidieper

95 5282 116 5317 '¹
131 5284 240 5344 Serme,
248 5295 328 5352 quem
343 5277 515 5335 Innocentius
524 5277 570 5334 bic
582 5275 698 5350 atlepat,
708 5277 741 5334 id
748 5284 797 5341 est,
806 5276 1013 5347 cuisecundnm
1022 5275 1125 5332 obtinet
1137 5276 1304 5331 tcmminler
1313 5277 1387 5331 inter
1398 5290 1452 5338 eos,
1462 5272 1512 5345 qui
1521 5273 1556 5327 de
1566 5287 1625 5328 uno
1636 5274 1765 5345 martyre
1775 5280 1798 5299 ’·

62 5352 229 5412 inscribitur
243 5369 305 5424 pop.
324 5351 385 5406 172.
403 5350 474 5405 Tem.
491 5350 512 5405 l.
549 5350 767 5410 ἵῬ3(ι1.41,5.
805 5348 1042 5428 ⁷⁹·bucae22.30.
1081 5348 1104 5383 ⁸⁰
1119 5350 1198 5412 epar.
1218 5348 1258 5406 19.
1273 5347 1300 5401 9.
1346 5344 1582 5408 vincerem.
1630 5342 1761 5399 ”ttmtls

66 5426 137 5489 Μ.
175 5423 413 5491 ⁸⁸l’srrlm.35,8
456 5420 593 5479 “leem
608 5422 636 5484 2.
652 5422 679 5477 3.
713 5418 1005 5483 ⁸⁸1c0r2211.15,28.
1044 5419 1277 5481 “matteum
1311 5418 1454 5471 ”esaim
1475 5415 1576 5478 lein.
1610 5414 1718 5474 “trion
1734 5415 1762 5480 2.

65 5498 110 5555 st.
161 5495 363 5553 ”iconum
378 5496 406 5561 2,
421 5492 449 5548 9.
498 5492 644 5563 separat.
661 5498 688 5561 *2,
703 5494 731 5547 7.
777 5492 799 5528 ⁸¹
816 5491 887 5549 tcta.
909 5491 955 5556 21,
970 5492 997 5547 6.
1045 5491 1159 5548 ”team
1176 5491 1202 5558 b,
1221 5492 1263 5546 13.
1310 5489 1332 5525 ⁹³
1356 5488 1555 5550 enceinte.
1598 5487 1619 5523 ⁸⁸
1634 5488 1718 5545 tucn.
1733 5486 1762 5556 6,

63 5569 112 5626 52.
150 5568 269 5629 “toan
283 5568 314 5638 6,
326 5567 372 5622 52.
410 5562 738 5696 ”liccd.l2,9‚etre5.
777 5563 995 5635 ”Contigit
1033 5562 1245 5634 ”Psattzin
1287 5558 1512 5633 edentuli.
1562 5557 1762 5618 ¹⁰⁰ldcrintb.

65 5640 155 5714 net.
193 5637 401 5713 uosmet.
438 5635 648 5711 reipsam.
684 5636 889 5712 maesse.
927 5635 1137 5708 ‘consess
