3796 5986
54 250 110 307 417
370 278 375 289 ·
627 247 751 306 SRBMO
768 245 873 312 xxm,
892 248 930 302 IN
950 246 1196 306 PBNTRGOSTB.
1713 260 1768 320 tle

54 374 180 448 replerit
193 376 286 431 totem
302 375 423 431 domam
440 373 491 430 ubi
506 378 591 431 erant
606 373 753 440 sedentes,
770 375 824 426 etc.
852 369 886 425 ut
899 370 927 438 Α
942 376 1022 426 ιεειε
1036 372 1197 443 pontificali
1222 376 1428 448 dependebant
1449 380 1528 439 mala
1550 388 1673 456 granata
1697 403 1766 447 oum

54 464 159 537 repleti
175 468 246 521 sunt
259 479 363 522 omnes
378 463 488 537 Spiritu
506 468 618 529 sancto,
632 466 661 519 et
675 464 826 534 caeperunt
840 457 885 515 lo·
939 457 1148 519 tintinnabulis
1163 466 1260 523 eureis
1274 470 1372 537 (deod.
1388 472 1481 544 xviri).

54 554 106 626 qui
123 554 214 611 variis
237 554 359 627 linguis,
385 558 472 627 prout
497 553 626 626 Spiritus
650 557 774 610 sanctus
798 549 887 605 dabat
975 549 1163 625 Ardeatergo
1179 555 1262 626 prius
1277 557 1355 631 ignis
1371 560 1536 621 dilectionis
1558 565 1588 621 in
1615 567 1712 637 corda,
1734 571 1768 627 ur

54 644 154 714 eloqui
170 644 231 701 illis
245 646 319 717 (Act.
335 649 403 713 ιιι.»
422 648 588 717 Antequam
605 640 729 716 aposloli
744 640 886 713 Spiritum
941 642 1042 711 postes
1053 649 1138 697 sonet
1148 642 1250 716 lingua
1259 649 1477 720 nundinationis
1487 652 1518 709 ia
1529 671 1578 712 ore
1589 655 1766 731 (liciebxui.

56 742 196 792 unctum
208 734 489 807 accepissent,quasi
503 735 609 790 timore
619 728 887 805 liquelacti,relicto
941 726 1015 783 Nam
1026 750 1040 778 ιι
1052 745 1119 787 cum
1132 736 1340 807 apparuissent
1349 738 1409 796 illis
1419 742 1581 815 dispertitis
1590 744 1769 820 linguatam.

52 822 188 893 christo,
204 824 344 897 fugarunt
356 825 467 893 (llaltlt.
483 823 571 893 xxvi).
589 823 646 878 Sed
673 819 722 877 ubi
746 818 887 891 Spiritum
942 819 1200 892 quamignis,tunc
1210 827 1389 899 repletisunt
1399 848 1503 890 omnes
1513 835 1643 908 Spiritus
1653 841 1768 895 sancto:

57 913 245 971 Paracletum
268 918 455 987 acceperunt,
480 912 565 986 quasi
589 909 754 967 confirmati
781 908 888 963 virtute
942 911 971 963 ει
995 918 1146 983 coeperunt
1168 912 1249 988 loqui
1273 919 1362 975 variis
1386 920 1507 995 linguis,
1533 933 1617 995 prout
1641 926 1769 999 Spiritus

54 1005 188 1077 Spiritus
198 1019 233 1060 ex
243 1002 330 1071 alto«
343 1003 782 1076 ibantgaudentesaconspectu
794 995 889 1054 conci·
944 1002 1063 1055 sanctus
1075 999 1164 1058 dabet
1175 1003 1273 1077 eloqui
1284 1006 1342 1063 illis
1354 1010 1423 1082 (Act.
1440 1020 1481 1083 ιιι.
1499 1034 1513 1062 »
1529 1017 1600 1070 Ecce
1616 1031 1697 1072 nunc
1710 1015 1770 1073 im·

55 1091 245 1166 lii,quoniam
260 1093 341 1163 digni
357 1092 450 1149 babiti
461 1096 531 1148 sunt
541 1108 593 1165 pro
609 1089 728 1147 nomine
741 1088 809 1145 Jesu
821 1094 892 1143 coa·
943 1083 1055 1157 pletum
1078 1089 1189 1163 vident,
1210 1096 1289 1166 quod
1302 1095 1373 1154 elim
1389 1101 1547 1158 audierunt
1562 1104 1742 1176 promissum
1759 1120 1768 1162 t

55 1181 213 1239 tumeliam
228 1181 290 1254 pati
305 1181 374 1253 (Act.
389 1182 428 1251 v).
445 1203 460 1231 ι)
475 1180 558 1237 Unde
570 1179 739 1252 Petrus,qui
754 1176 835 1251 prius
851 1176 887 1233 ad
944 1195 958 1227 ι
975 1175 1037 1232 Νορ
1052 1179 1130 1235 enim
1147 1197 1198 1238 vos
1213 1184 1284 1242 estis
1299 1186 1349 1258 qui
1374 1187 1542 1262 loquimini,
1567 1193 1619 1250 sed
1644 1193 1769 1267 spiritus

55 1289 159 1331 rocem
183 1270 297 1328 ancille
320 1274 477 1345 negaverat
495 1269 604 1339 (llottb.
620 1268 708 1340 xxvi),
723 1271 825 1341 postea
840 1281 887 1321 co·
944 1263 1037 1320 Patris
1051 1269 1152 1338 vestri,
1168 1271 1219 1344 qui
1235 1271 1367 1346 loquitur
1382 1276 1411 1333 in
1427 1279 1509 1337 vobis
1523 1282 1614 1353 (loon.
1630 1283 1700 1357 xxv).
1716 1305 1733 1335 e

55 1378 119 1419 ram
135 1361 257 1433 regibus
271 1363 300 1416 et
314 1359 500 1432 principibus
511 1374 619 1415 nomen
631 1356 738 1414 Christi
752 1353 887 1429 portavit,
980 1355 1012 1410 ln
1028 1355 1083 1413 boc
1098 1357 1161 1415 loco
1178 1363 1401 1436 conjunguntur
1415 1368 1492 1440 ignis
1507 1373 1536 1426 et
1560 1371 1671 1444 lingua,
1694 1388 1768 1444 quo·

56 1454 232 1508 constanter
245 1450 411 1517 aiirrmens,
428 1449 569 1522 quoniam
582 1447 677 1521 magis
688 1449 803 1520 eportet
818 1445 888 1517 Deo,
944 1444 1021 1500 niam
1032 1465 1044 1495 ι
1055 1458 1256 1521 apparuerunt
1267 1453 1326 1511 illis
1337 1455 1497 1529 dispertitae
1507 1457 1616 1533 lingue
1623 1465 1768 1535 tanquam

60 1556 152 1615 quam
168 1539 340 1597 hominibus
354 1538 473 1596 obedire
488 1540 556 1607 (lo.
572 1538 610 1611 v).
943 1533 1020 1607 ignis
1034 1536 1106 1605 (Act.
1122 1539 1165 1612 ιι).
1183 1560 1196 1593 a
1213 1541 1245 1599 ln
1261 1543 1430 1619 Evangelio,
1446 1549 1523 1620 qrrod
1538 1550 1675 1620 audietis,
1698 1567 1768 1609 con·

90 1630 165 1689 Mali
180 1629 343 1704 liquefiunt
357 1645 408 1704 per
422 1629 492 1686 vitia
506 1634 536 1686 et
550 1632 679 1703 peccota,
691 1626 761 1684 boni
787 1630 887 1682 autem
939 1623 1110 1699 junguntur
1123 1628 1240 1689 dilectio
1252 1636 1281 1689 ει
1294 1650 1392 1692 sermo
1402 1654 1409 1706 ;
1419 1637 1491 1710 quia
1505 1661 1520 1689 a
1536 1639 1586 1713 qui
1603 1639 1700 1714 diligit
1710 1657 1769 1714 me,

55 1721 275 1779 confirmantur
285 1736 337 1792 por
345 1718 470 1776 virtutes
479 1723 508 1776 et
517 1717 654 1776 donaldi
666 1715 822 1789 liquefiunt
837 1731 927 1815 perB
943 1729 1109 1773 sermonem
1125 1735 1223 1777 meum
1239 1724 1367 1782 servabit
1385 1726 1475 1798 (loos.
1500 1727 1569 1800 xic).
1594 1728 1627 1786 la
1652 1730 1769 1788 Psalmo

61 1811 203 1868 ardorem
217 1808 391 1882 cupiditatis
404 1815 433 1866 et
448 1825 500 1881 per
513 1808 666 1864 humorem
680 1806 888 1878 concupiscen·
941 1820 1008 1861 vero
1018 1807 1238 1881 conjunguntur
1248 1816 1277 1868 et
1287 1814 1409 1886 spiritus
1420 1820 1449 1873 et
1459 1817 1593 1875 doctrina
1605 1834 1612 1874 ι
1624 1841 1639 1871 ιι
1655 1818 1767 1892 Spiritu

58 1902 115 1958 tia.
130 1899 188 1958 isti
202 1915 270 1957 vero
286 1899 501 1956 confirmantur
516 1914 568 1970 per
579 1898 713 1953 ardorem
735 1894 889 1952 charitatis
940 1893 1095 1967 principali
1110 1898 1254 1956 confirma
1269 1918 1326 1959 me.
1343 1902 1455 1962 Docebo
1470 1904 1589 1980 iniquos
1611 1907 1676 1965 vias
1699 1910 1770 1967 tuas

59 1995 87 2048 et
100 2004 158 2064 per
171 1988 328 2046 humorem
344 1987 815 2061 sapientia.Nam«apparuerunt
830 1983 889 2043 illis
940 1982 1026 2056 (Paci.
1043 1986 1068 2059 ι)
1086 2003 1092 2043 :
1109 2008 1124 2037 »
1139 1993 1173 2045 ut
1187 1989 1242 2047 ιιι
1254 1992 1363 2065 triplici
1377 1996 1546 2052 [estimonio
1561 2001 1768 2070 cognomguh

58 2079 221 2153 dispertita
232 2077 493 2151 linguebanquam
508 2075 586 2149 ignis
601 2076 666 2147 (Act
681 2077 724 2145 ιι).
742 2096 756 2125 s
770 2075 833 2131 Duo
848 2072 890 2129 di·
941 2072 1015 2138 Ouia
1028 2077 1106 2133 sicut
1120 2093 1213 2136 unum
1228 2083 1311 2148 sual,
1322 2081 1434 2156 lingna,
1444 2085 1712 2157 sermo,docirina;
1726 2084 1770 2145 eie

56 2170 93 2227 cit
104 2187 113 2226 ε
126 2167 211 2242 ignis
224 2172 254 2225 et
267 2166 435 2240 lingua,per
448 2165 578 2223 visibiles
594 2165 714 2234 formes,
726 2163 889 2221 invisibiles
942 2178 1035 2219 unum
1052 2169 1097 2221 εει
1111 2166 1200 2239 ignis,
1217 2168 1345 2239 dilectio,
1361 2172 1574 2245 spiritus.Nnm
1590 2197 1605 2226 ιι
1622 2176 1701 2235 Deus
1716 2190 1769 2234 no·

57 2258 172 2332 species
184 2261 410 2330 representans.
423 2256 503 2330 ignis
513 2256 593 2313 enim
604 2255 634 2312 in
646 2255 729 2312 arido
738 2254 819 2319 vivit,
830 2252 889 2309 lin·
942 2255 1001 2308 ster
1017 2253 1094 2326 ignis
1109 2271 1287 2315 consumens
1302 2265 1346 2317 est
1361 2262 1452 2331 (deut.
1465 2264 1515 2336 iv).
1527 2285 1541 2313 a
1551 2295 1585 2306 -
1598 2286 1613 2317 ι
1624 2269 1700 2322 oeus
1716 2281 1769 2322 eu.

57 2364 115 2422 gua
130 2350 236 2405 menet
248 2346 279 2405 in
294 2347 422 2403 undant
435 2346 513 2419 ignis
528 2346 648 2418 quidem
662 2344 836 2403 charitatem
852 2342 890 2399 si·
942 2344 1001 2396 tem
1016 2350 1060 2398 ost
1074 2343 1202 2403 charitas
1217 2347 1241 2418 (1
1253 2349 1333 2421 teon,
1351 2353 1400 2419 ιι),
1419 2373 1433 2400 s
1448 2380 1484 2396 .-
1502 2376 1517 2403 «
1543 2352 1680 2411 charia„
1700 2368 1773 2411 vm

59 2436 298 2512 gnificatdingua
311 2453 380 2494 vero
395 2435 534 2509 exprimit
544 2434 782 2506 sapientiamDe
796 2432 890 2489 cbari-
942 2430 1051 2488 diffusa
1064 2438 1111 2489 εει
1125 2435 1154 2490 in
1170 2437 1308 2494 cordibus
1323 2440 1432 2497 nostris
1458 2458 1510 2514 per
1533 2442 1677 2515 Spiritum
1699 2459 1771 2500 san·

57 2527 127 2585 tatis
142 2527 248 2585 ardore
260 2526 400 2585 Salomon
424 2526 496 2583 dicit
520 2525 549 2581 in
574 2524 703 2581 canticis
728 2540 736 2581 ι
761 2546 776 2573 «
799 2525 891 2595 Aquae
942 2523 1035 2587 ctum,
1051 2521 1103 2592 qui
1118 2521 1206 2579 datus
1220 2528 1265 2580 εει
1279 2525 1363 2582 nobis
1378 2528 1464 2598 (Rom.
1480 2532 1519 2598 ι).
1536 2552 1551 2581 »
1567 2529 1620 2585 llic
1634 2532 1680 2586 εει
1694 2528 1768 2587 dila.

59 2617 163 2675 matra
178 2632 239 2674 non
254 2620 380 2689 possunt
394 2614 578 2686 exstinguere
598 2612 770 2670 charitatem
796 2611 889 2684 (dunt.
943 2608 999 2664 ctio
1009 2608 1105 2665 Patris
1115 2614 1144 2666 et
1154 2610 1228 2680 Filii,
1245 2620 1365 2671 amoret
1379 2617 1520 2674 connexio
1538 2619 1707 2692 utriusque,
1721 2617 1770 2677 cni

57 2708 130 2780 uu).
148 2729 164 2758 ε
179 2705 221 2765 De
235 2704 360 2763 humore
374 2704 524 2778 sapientie
540 2704 618 2760 idern
632 2702 764 2775 loquitur
780 2701 808 2757 in
825 2701 890 2758 Pro·
943 2696 1110 2769 specialiter
1121 2699 1442 2762 hodiernasolemnitas
1453 2705 1770 2775 dedicatur.0ulavero

58 2796 171 2855 rerbiis
188 2811 196 2853 ε
214 2818 229 2849 ι
243 2798 328 2869 Aqua
342 2794 489 2867 profunda
503 2810 538 2850 ex
553 2809 602 2849 oro
618 2791 671 2848 viri
687 2793 817 2863 verba,et
830 2794 890 2847 tor·
944 2785 1771 2869 liquepeesoctoestterrcetomnesltobitantesinruptiones

59 2903 127 2945 rens
143 2884 296 2943 inundans
311 2888 357 2941 est
370 2884 437 2941 fons
452 2881 602 2955 sapientias
617 2883 711 2954 (Prcv.
728 2884 809 2951 xvn).
824 2900 838 2933 ι
855 2881 892 2937 ut
945 2879 1016 2932 Deus
1030 2878 1203 2949 confirmauit
1216 2881 1361 2939 columnas
1381 2885 1450 2957 ejas.
1474 2885 1530 2942 Sed
1554 2902 1670 2959 rursus,
1696 2885 1770 2960 quia
1804 2884 1807 2889 ’

59 2975 138 3034 inter
149 2974 280 3031 virtutes
294 2973 425 3030 ebaritas
440 2981 481 3029 εει
499 2972 654 3045 praecipuae
670 2976 699 3028 et
712 2970 789 3027 inter
802 2972 889 3043 dona,
944 2966 1013 3022 Deus
1027 2967 1205 3041 confirmauit
1219 2973 1364 3030 columnas
1378 2973 1446 3047 eius,
1464 2975 1619 3048 liquefacta
1633 2982 1674 3033 ιιι
1692 2980 1771 3035 tem

55 3066 154 3138 prima
163 3066 213 3121 εει
222 3062 375 3136 sapientia.
386 3067 424 3118 De
437 3060 488 3117 illa
501 3061 573 3117 dicit
582 3061 757 3133 Apostolus:
770 3082 782 3114 ι
793 3059 887 3131 Maior
942 3059 969 3111 et
982 3072 1075 3112 omues
1090 3058 1246 3118 tuditanus
1261 3063 1290 3117 ia
1304 3078 1348 3119 ee.
1363 3068 1519 3137 Postquam
1535 3065 1616 3122 enim
1641 3063 1770 3139 apostoli

55 3160 157 3213 antem
174 3151 282 3211 borum
296 3154 341 3210 eat
354 3150 483 3208 charitas
498 3152 522 3222 (l
537 3154 603 3208 Cor.
626 3152 699 3221 xm).
723 3171 738 3201 s
763 3154 803 3206 De
827 3150 885 3207 ista
900 3124 923 3192 G
941 3144 1083 3217 Spiritum
1099 3154 1233 3206 sanctum
1249 3167 1387 3224 accepere
1400 3154 1595 3224 Paracletum,
1610 3161 1694 3213 stane
1716 3154 1770 3215 1³0·

55 3245 127 3303 dicit
138 3242 293 3317 propheta:
304 3240 502 3315 «Requiescet
516 3255 607 3312 super
619 3255 687 3296 eum
702 3238 825 3312 spiritus
838 3256 885 3297 sa·
940 3239 1004 3291 trus
1019 3253 1087 3293 cum
1103 3238 1240 3297 undecim
1255 3240 1377 3299 elevavit
1391 3258 1490 3300 vocem
1506 3250 1635 3316 auam,et
1649 3244 1769 3304 loeutus

55 3334 175 3408 pientiae
197 3337 228 3389 et
249 3330 427 3397 intellectus,
451 3335 506 3388 etc.
533 3330 599 3403 (lse.
624 3331 667 3402 ιι).
696 3351 707 3378 ι
732 3333 793 3386 Ηιε
817 3344 886 3401 ergo
940 3330 985 3381 est
1000 3326 1088 3398 plcbi,
1111 3342 1260 3401 exponens
1281 3331 1324 3388 eis
1348 3333 1533 3406 prophetiam
1556 3334 1630 3403 loel,
1654 3337 1683 3391 et
1707 3333 1768 3393 atla

54 3421 273 3495 danaprimam
284 3419 458 3477 videlicstet
468 3417 692 3493 praecipuam,in
704 3418 799 3490 ligura
809 3418 887 3491 ignis
941 3416 1111 3487 prophetica
1125 3419 1304 3477 testimonia.
1321 3421 1433 3488 Quibus
1448 3422 1569 3493 auditis,
1593 3423 1767 3497 compuncti

54 3514 204 3585 ottingun
215 3527 267 3584 per
278 3510 423 3583 Spiritum
439 3514 575 3566 sanctum
592 3507 736 3564 hodierne
747 3507 794 3564 die
804 3507 885 3564 Chri·
941 3509 1011 3560 sunt
1023 3505 1120 3573 corde,
1136 3512 1165 3563 et
1179 3507 1316 3566 dixerunt
1330 3512 1367 3567 ad
1381 3511 1499 3569 Petrum
1522 3517 1552 3569 et
1575 3512 1611 3569 ad
1637 3511 1767 3584 reliquos

55 3608 124 3661 stus
135 3600 249 3657 inludit
258 3597 489 3673 apostolis,quoe
500 3598 648 3655 missurus
659 3602 722 3654 erat
732 3596 761 3652 in
772 3596 886 3667 orbem,
940 3594 1112 3667 apostolos:
1129 3599 1235 3666 «Quid
1256 3599 1410 3671 iaciemus,
1435 3601 1489 3658 viri
1512 3601 1639 3660 lratresi
1662 3602 1766 3661 Peiros

56 3696 88 3749 ιιι
101 3689 300 3765 predicarent
314 3687 503 3763 Evangelium
517 3687 598 3745 omni
618 3692 757 3744 creaturas
783 3686 886 3758 (ellare.
941 3701 1008 3741 vero
1019 3685 1092 3742 dixit
1103 3687 1139 3743 ad
1153 3688 1222 3745 illos
1238 3705 1245 3746 :
1262 3691 1467 3748 Paenitentiam
1480 3691 1769 3765 agitectbaplixalut·

55 3786 126 3853 xm).
140 3778 302 3838 charitatis
317 3778 395 3836 enim
410 3777 551 3834 informat
567 3776 668 3846 vitam,
690 3779 719 3833 et
743 3774 889 3848 supientia
942 3776 1147 3848 unusquisque
1162 3782 1290 3836 vestrum
1308 3780 1336 3835 in
1354 3779 1472 3837 nomine
1486 3782 1554 3838 iesu
1568 3780 1689 3839 Christi.
1711 3780 1767 3839 lia·

56 3872 201 3928 informat
215 3867 390 3925 doctrinam.
407 3869 475 3933 Quae
491 3867 549 3924 duo
565 3866 673 3922 debent
693 3865 723 3920 in
747 3866 887 3938 predica·
942 3864 1041 3937 ptizati
1057 3870 1127 3922 sunt
1139 3866 1268 3939 igituret
1282 3870 1409 3943 appositi
1421 3875 1491 3927 sunt
1502 3868 1590 3927 inille
1602 3870 1650 3927 die
1661 3871 1768 3929 animan

56 3961 138 4019 tione
152 3958 306 4032 conjungi,
321 3962 354 4014 ut
369 3973 427 4014 nou
443 3956 540 4013 solum
555 3955 643 4011 verbo
658 3954 771 4024 doceat,
785 3955 837 4011 sed
859 3959 889 4010 et
942 3954 1058 4010 circiter
1073 3956 1129 4012 iria
1144 3956 1238 4015 millia
1251 3958 1320 4030 (Act.
1335 3964 1378 4029 ιι).
1397 3981 1411 4009 s
1427 3960 1500 4016 licce
1524 3958 1675 4031 liquelacti
1696 3961 1768 4017 aunt

57 4046 296 4123 exemplo.«llam
312 4046 397 4117 cujus
409 4046 469 4102 vita
484 4044 659 4118 despicitur,
671 4047 763 4100 restat
777 4048 809 4099 ut
823 4043 888 4115 ejus
941 4042 990 4099 isti
1007 4048 1036 4100 ει
1051 4061 1102 4117 ρει
1117 4047 1251 4104 ardorem
1267 4053 1296 4104 et
1311 4065 1363 4121 per
1377 4049 1531 4105 humorem
1544 4064 1551 4104 τ
1565 4064 1616 4121 ρει
1631 4049 1766 4105 ardorem

59 4136 228 4212 predicatio
251 4139 468 4206 contemnatur,
492 4140 522 4191 et
535 4134 650 4191 dicatur
664 4134 690 4189 ei
708 4150 715 4190 :
735 4154 749 4184 ι
766 4133 887 4204 Medica,
943 4133 1130 4204 peonitentiae,
1147 4141 1176 4192 ει
1190 4152 1241 4209 ρει
1255 4136 1408 4193 humorem
1425 4137 1575 4210 baptismi.
1602 4138 1640 4193 [ιε
1663 4137 1770 4193 ειιιοιε

59 4244 130 4285 cura
143 4227 274 4299 teipsum
288 4225 443 4298 (lec.1v).»
453 4254 488 4266 -
498 4247 513 4274 ι
525 4222 693 4296 Hypocrita,
705 4222 778 4294 ejice
793 4221 888 4295 primo
944 4222 1121 4294 paenitentia
1132 4224 1204 4281 dicit
1218 4226 1376 4282 psalmista
1392 4243 1426 4282 :o
1438 4224 1589 4282 Gancaluit
1603 4241 1653 4283 cor
1668 4240 1768 4283 meum

60 4316 225 4374 trabemde
239 4312 324 4373 oculo
339 4318 400 4384 tuo,
416 4317 445 4370 et
460 4318 530 4370 tunc
552 4313 653 4385 ejicies
678 4312 821 4368 festucam
850 4311 887 4369 de
942 4313 1021 4370 intra
1034 4330 1090 4385 me,
1106 4319 1134 4371 et
1150 4315 1178 4371 in
1194 4316 1385 4374 meditatione
1407 4333 1472 4373 moe
1494 4316 1666 4374 exardescet
1688 4314 1768 4390 iguis

61 4406 146 4464 oculo
162 4405 263 4463 {ratris
277 4403 320 4461 tui
335 4404 411 4476 (Lac.
424 4403 478 4477 vr).
501 4425 512 4452 ι
529 4434 563 4444 -
583 4403 638 4468 Qui
663 4401 805 4475 praedicas
830 4417 887 4457 non
943 4404 1030 4474 (Ριιιι.
1040 4408 1188 4472 aarum.»
1200 4407 1237 4462 De
1253 4406 1374 4463 bumoro
1389 4406 1529 4480 baptismi
1543 4405 1686 4463 Dominus
1701 4404 1767 4463 aits

61 4495 235 4563 iurandum,
246 4492 369 4550 iurarisl
383 4494 435 4565 qui
445 4493 587 4566 praedicas
600 4509 657 4549 non
669 4490 889 4559 mmchandum,
907 4502 929 4568 [J
944 4515 959 4544 ιι
975 4491 1037 4549 Nisi
1048 4494 1114 4564 quis
1125 4498 1245 4551 renatus
1257 4495 1344 4552 luerit
1354 4512 1389 4553 ειι
1400 4513 1478 4570 aqua
1487 4501 1517 4552 et
1525 4494 1637 4568 Spiritu
1652 4498 1768 4566 sancto,

60 4582 237 4643 maecharis?
252 4604 267 4635 s
282 4584 372 4657 (dom.
385 4583 432 4654 11.)
446 4605 460 4633 ιι
477 4581 571 4656 Goepit
593 4598 662 4655 ergo
685 4585 773 4638 lesus
795 4581 890 4638 facere
944 4599 1002 4639 non
1018 4583 1138 4638 latrabit
1150 4583 1180 4640 in
1197 4600 1320 4658 regnum
1336 4585 1475 4642 coelorum
1490 4586 1580 4657 (loce.
1596 4585 1652 4657 ιιι).
1664 4606 1680 4636 »ι

60 4677 205 4734 ειιιοεειε
214 4674 281 4743 (Act.
294 4672 325 4745 ι),
339 4694 395 4722 ι-
404 4694 419 4722 ιι
431 4671 518 4728 nobis
529 4670 699 4743 relinquens
710 4668 888 4743 exemplam,
980 4671 1116 4745 Nosergo
1128 4673 1231 4731 iratres
1241 4680 1271 4731 et
1284 4675 1348 4744 sslri,
1364 4675 1485 4748 quijam
1495 4673 1649 4747 liquelacti
1662 4689 1769 4733 sumus

61 4760 399 4838 utaequamurvestigia
409 4761 484 4833 ejus3
496 4762 547 4833 qui
559 4766 711 4835 peccatum
722 4776 780 4816 non
792 4759 887 4830 lecit»
945 4778 997 4834 per
1011 4778 1118 4834 nquam
1134 4762 1284 4837 baptismi,
1301 4765 1489 4838 liquefiamus
1504 4764 1600 4821 adbuc
1615 4780 1668 4834 per
1682 4763 1768 4822 ardo·

61 4856 145 4912 alsit
158 4853 245 4911 nobis
260 4852 401 4909 honestas
411 4851 441 4905 in
453 4851 547 4908 vitaz«
557 4867 610 4908 nec
625 4851 762 4906 inventus
777 4854 822 4905 εει
836 4848 889 4904 ιιι·
943 4868 1004 4908 rem
1021 4853 1209 4924 poenitentia,
1226 4859 1258 4911 ut
1272 4860 1374 4913 nostra
1388 4854 1543 4912 deleantur
1555 4858 1684 4926 peccata,
1696 4868 1768 4924 pro·

58 4943 107 5002 lus
123 4947 154 5001 iu
168 4959 219 5001 ore
232 4944 298 5014 ojus
311 4941 335 5013 (l
348 4942 407 4996 Pet.
417 4941 586 5013 ιι;1ιιι.ιιιι),
602 4960 617 4991 ι
633 4939 719 4996 utsii
734 4937 843 4994 veritas
858 4937 888 4993 in
943 4945 1039 4997 stante
1067 4942 1177 5013 Spiritu
1207 4943 1367 5012 Paraoloto,
1395 4944 1445 5017 qui
1468 4947 1514 5000 ast
1538 4957 1605 4998 vera
1632 4939 1769 4997 remissie

58 5034 205 5092 doctrina.
219 5031 291 5088 llam
305 5053 320 5084 ιι
336 5030 387 5103 qui
414 5029 516 5087 lecerit
539 5034 568 5087 et
592 5030 736 5096 docuerit,
760 5042 888 5100 magnus
944 5034 1140 5103 peccatorum
1157 5033 1208 5104 qui
1223 5050 1290 5092 curn
1306 5036 1388 5092 Patro
1403 5040 1431 5092 et
1446 5033 1518 5090 Filio
1536 5031 1606 5087 vivit
1620 5035 1649 5087 et
1663 5030 1769 5103 regnet

59 5125 213 5183 vocabitur
236 5122 266 5180 in
291 5138 379 5193 reguo
403 5120 544 5178 colorum
563 5121 670 5195 (aaut.
687 5120 726 5191 v),
743 5138 755 5169 ι
771 5117 888 5175 Undae
945 5123 1031 5189 Deus,
1046 5136 1097 5192 per
1112 5123 1212 5180 omnia
1226 5124 1334 5181 saecula
1348 5122 1532 5181 seculorum.
1547 5122 1652 5177 Amen.
