3796 5986
23 269 25 273 ·
82 230 136 295 tt't

646 225 649 229 ’
683 223 733 278 An
750 214 959 277 mucosum
976 214 1016 269 111
1033 202 1202 269 suadere

1739 206 1794 264 118

83 361 153 420 deat
171 352 307 433 Juri'suo
332 354 411 428 quod
433 352 532 426 ipsum
563 365 616 424 par
647 346 721 404 alios
750 360 808 401 non
833 338 906 397 deti·
923 338 1118 420 Abeatorum
1133 335 1213 393 Petri
1228 338 1257 392 et
1270 335 1366 408 Pauli,
1383 333 1584 410 apostolorum
1599 334 1718 407 classe
1735 350 1791 390 no·

85 454 193 511 naatur
208 447 328 519 iniuste,
351 460 387 501 ne
412 442 453 499 ibi
477 441 517 498 sit
539 437 692 513 negligens
716 432 767 492 ubi
792 429 913 490 sedulus
967 427 1041 485 verit
1056 427 1256 482 incursurum.

1 574 2 584 κ
87 554 153 599 csse
168 538 266 608 debet,
279 551 345 593 cnm
362 533 576 591 incrementum
595 525 751 591 sedulitas,
766 528 795 580 et
819 520 912 594 negli-

1004 517 1109 574 Datum
1118 512 1796 589 Roman,apudSanctumPetrnm,vuKalendas

89 628 188 707 gentia
199 625 410 684 detrimentum
421 624 570 696 importet.
584 619 755 690 Eaproptcr‚
766 610 917 670 venerabi·
968 606 1088 681 Aprilis,
1105 605 1295 679 pontificatus
1308 605 1401 663 nostri
1412 623 1488 665 anno
1504 610 1614 662 octavo.

89 719 128 779 lis
143 719 173 777 in
187 716 304 778 cbristo
320 715 419 781 frater,
431 710 605 768 anctoritate
614 705 805 781 praesentium
817 699 916 758 indul·

90 825 207 887 gemus,
216 811 250 864 ut
260 804 375 874 altaris,
387 803 528 868 decimae,
540 797 684 868 redditus,
692 792 917 869 jurisdictiones

90 898 190 959 atalia
203 913 267 972 que
291 894 374 952 bones
399 889 546 948 memoria
566 892 601 945 N.
618 884 815 959 praedecessor
838 890 918 952 tuus,

90 991 190 1047 taaeet
210 998 399 1043 sucessorum
424 984 543 1037 tuorum
566 974 763 1034 dominationi
779 989 812 1029 ac
837 974 919 1045 pots·

91 1078 161 1137 stati
177 1075 331 1142 subtraxit,
348 1089 382 1129 ea
397 1069 529 1129 ecclesiis
544 1071 573 1125 et
598 1063 786 1123 monasteriis
801 1061 832 1117 in
854 1076 919 1135 per-

101 1171 236 1242 petuum,
252 1170 281 1220 st
295 1163 477 1237 quibusdum
494 1156 698 1233 personistam
715 1150 921 1211 ecclesiasticis

96 1272 188 1332 quam
200 1252 392 1312 sacularibus
406 1250 506 1307 illicite
523 1246 721 1315 concedendo,
746 1243 799 1300 tibi
824 1242 920 1309 liceat,

94 1346 208 1404 nullius
228 1341 463 1401 contradictione
487 1338 533 1396 vel
559 1335 752 1410 appellatione
775 1333 920 1397 obstante,

96 1436 131 1495 ad
148 1436 323 1508 potestatem
338 1435 368 1488 ct
382 1445 502 1486 manurn
519 1433 599 1484 tuem
615 1426 753 1482 canonice
775 1436 920 1479 revocare.

132 1523 212 1581 Nulli
224 1538 291 1596 ergo
301 1518 587 1579 omniuohominum
598 1513 770 1572 liceatbanc
784 1511 921 1586 paginam

98 1617 205 1671 nostra
217 1610 417 1669 concessionis
427 1607 597 1680 intringere,
620 1604 665 1661 vel
689 1603 715 1660 ci
736 1618 810 1659 ausu
835 1604 924 1657 teme·

97 1702 177 1762 rario
193 1701 349 1759 contraire.
365 1699 395 1756 Si
411 1697 462 1772 qui
479 1701 575 1754 autern
598 1694 654 1751 hoc
677 1696 819 1750 attentare
846 1706 920 1763 prar-

97 1792 271 1867 sumpsorit,
286 1782 742 1863 indignattnnernjonnipotcntis
754 1781 804 1839 Dei
816 1784 846 1838 et
856 1780 922 1836 bea-

97 1889 197 1942 torum
213 1882 414 1956 apostolorum
427 1876 505 1934 Petri
531 1881 560 1933 et
579 1873 662 1932 Pauli
685 1889 717 1931 se
741 1870 853 1928 noverit
874 1868 920 1926 in·

21 2042 25 2051 ,
98 1988 268 2032 cursuram.

133 2063 241 2121 Datum
256 2061 366 2130 Roma,
381 2057 458 2132 apud
467 2057 607 2112 Sanctum
617 2054 793 2125 Petrum,xrr
803 2050 921 2108 Kalend.

97 2151 219 2226 Aprilis,
235 2149 426 2225 pontificatus
441 2144 535 2203 nostri
551 2161 628 2204 anno
642 2147 753 2200 octavo.

490 2239 522 2293 C.

100 2330 141 2391 Ad
152 2331 274 2404 priorem
290 2325 577 2385 Grundimcntenscm.
591 2353 627 2364 ·-
644 2323 675 2380 ut
691 2321 736 2377 itti
760 2321 840 2377 ticeot
862 2322 924 2393 trc-

136 2411 192 2460 trca
202 2399 342 2458 absoluere
356 2396 478 2473 quiante
493 2399 664 2467 assumptam
676 2393 820 2462 rettnionu
840 2391 924 2448 botri·

136 2479 195 2531 tom
206 2469 500 2530 excommunicationis
510 2467 673 2525 sententiam
683 2467 861 2522 incurrerunt
869 2463 925 2537 (91)

136 2573 236 2644 (Anno
251 2571 331 2628 1205.
348 2569 457 2635 Rorue,
472 2583 520 2641 ap.
538 2566 566 2623 S.
579 2565 709 2634 Petrum,
725 2566 808 2620 llari.
824 2562 882 2636 26.)

30 2710 34 2717 ·
137 2683 330 2738 lunocanrrus
353 2677 520 2748 episcopus,
546 2688 647 2730 servus
681 2687 833 2728 servorum
866 2669 925 2742 Dei,

101 2769 209 2828 dilecto
222 2767 283 2824 lilio
299 2764 389 2839 priori
400 2759 674 2832 Grandimontensi,
686 2760 810 2817 salutern
821 2763 849 2818 et
858 2777 927 2833 apo·

99 2857 238 2917 stolicam
253 2853 500 2912 benedictionem.

135 2946 214 3005 soter
228 2960 358 3003 arannem
369 2943 454 3000 sedes
469 2940 630 3015 apostolica
645 2940 702 3014 piis
716 2939 800 3008 rotis,
823 2944 852 2997 et
875 2940 927 2998 hc·

102 3036 197 3095 nostis
218 3034 379 3108 petentium
395 3032 533 3106 precibus
544 3031 673 3088 favorem
689 3029 863 3087 benevolum
875 3029 926 3087 inr-
1016 3036 1019 3041 '

1360 695 1406 752 CI.

971 787 1011 845 Ad
1023 787 1355 861 procuratoreretsrotrce
1364 787 1487 843 ccclesiae
1502 784 1644 842 Dominiei
1653 783 1795 857 Sepulcri.

1095 889 1131 900 -
1145 860 1184 914 ue
1196 857 1338 916 cononicis
1349 857 1535 916 obedientium
1549 858 1713 915 urentibus.

1027 950 1120 1021 (Arrno
1137 947 1217 1005 1205.
1229 949 1337 1016 Roma,
1353 964 1399 1020 ap.
1414 948 1440 1003 S.
1459 948 1585 1019 Petrum,
1600 949 1669 1005 Jun.
1687 946 1743 1014 ru.)

974 1036 1798 1167 itt·itit?*tttrrltt‘ltlltttitillat'tt

1009 1128 1446 1256 vnitrnn.1>ans,1mprti11penie
1470 1128 1628 1250 uaticinale,
1653 1151 1798 1254 lsslilsin·

1009 1255 1049 1322 4⁰,
1065 1271 1131 1328 pag.
1148 1253 1224 1328 272]

1011 1344 1202 1400 Innocsurrus
1216 1342 1383 1417 episcopus,
1399 1359 1500 1400 servus
1515 1360 1663 1401 servorum
1676 1342 1737 1412 Dei,
1755 1343 1800 1400 di·

975 1431 1058 1489 lectis
1074 1432 1143 1489 liliis
1158 1431 1305 1490 uniuersis
1329 1432 1568 1505 procuratoribus
1592 1433 1746 1490 domorum
1772 1436 1801 1489 et

976 1522 1159 1595 prioratuum
1171 1521 1302 1579 ecclesie
1319 1523 1460 1581 llomiuici
1474 1523 1641 1596 Sepulcrisl
1656 1522 1799 1579 iratribus

977 1611 1051 1679 suis,
1067 1611 1190 1668 salutem
1207 1616 1237 1669 et
1262 1612 1454 1685 apostolicam
1476 1613 1708 1671 benedictionem

1014 1700 1112 1758 Dilecti
1127 1700 1189 1769 lilii,
1206 1702 1286 1775 prior
1300 1708 1330 1758 et
1340 1701 1501 1775 capitulum
1513 1701 1656 1759 Dominici
1666 1701 1799 1774 sepulcri

976 1807 1030 1848 sua
1045 1790 1130 1847 nobis
1146 1791 1353 1864 conquestione
1369 1793 1544 1849 monstravit
1567 1792 1644 1865 quod
1668 1808 1730 1865 ros,
1757 1790 1802 1848 ais

976 1878 1156 1951 denegantes
1165 1878 1293 1935 debitam
1304 1879 1499 1937 obedientiam
1509 1885 1539 1937 et
1550 1880 1740 1937 reverentiam
1752 1897 1802 1936 ax·

976 1966 1088 2037 hibere,
1104 1966 1177 2040 ipsis
1192 1972 1220 2024 et
1235 1983 1335 2025 eorum
1352 1970 1465 2026 nuntiis
1481 1970 1511 2027 in
1527 1969 1629 2028 multis
1645 1968 1802 2027 ostenditis

977 2056 1112 2114 rebelles.
1128 2060 1286 2131 ltapropler
1301 2057 1484 2116 universitati
1503 2063 1606 2116 vestra
1617 2077 1667 2133 per
1688 2064 1805 2134 aposto·

975 2144 1802 2222 licascriptapreacipiendomandemusquatenueoisdeur

978 2234 1067 2310 priori
1084 2241 1113 2291 st
1126 2235 1255 2308 capitulo
1270 2236 1398 2294 debitam
1421 2243 1450 2295 et
1460 2239 1654 2296 obedientiam
1670 2244 1698 2295 at
1719 2256 1803 2296 reve·

978 2324 1102 2382 rentiam
1125 2326 1159 2382 de
1183 2331 1285 2383 enters
1304 2327 1505 2401 impendatis3
1530 2329 1658 2402 alioquin
1682 2334 1803 2386 santen-

978 2414 1062 2484 tiam,
1077 2431 1164 2486 quarn
1180 2415 1210 2471 in
1226 2432 1277 2472 vos
1303 2423 1422 2491 propter
1445 2418 1502 2475 hoc
1526 2418 1692 2475 rationibus
1716 2419 1803 2475 duxe-

979 2503 1038 2562 rint
1053 2506 1310 2578 promulgandam,
1327 2511 1420 2564 rotam
1437 2507 1613 2565 habebimus
1628 2514 1656 2565 ct
1680 2524 1744 2565 earu
1760 2509 1804 2564 la-

980 2593 1390 2667 ciamus,auctore1)omino,
1416 2596 1623 2655 inviolabiliter
1643 2597 1803 2654 observari.

1016 2683 1090 2740 Data
1104 2688 1212 2752 Rome,
1222 2686 1444 2758 epudSanctum
1456 2689 1585 2760 Petrum,
1596 2705 1643 2745 xvr
1660 2687 1806 2745 Kalendas

980 2771 1063 2845 tulii,
1079 2774 1267 2847 pontillcrtus
1283 2774 1377 2832 nostri
1391 2793 1468 2834 anno
1484 2782 1597 2835 octavo.

981 2951 1022 3009 Ad
1055 2953 1160 3009 clerum
1184 2954 1212 3010 S.
1253 2955 1350 3013 Momm
1378 2955 1569 3013 Massiliensis.
1595 2988 1629 3000 —
1667 2958 1809 3031 dtrpeilom

1220 3027 1373 3099 quemdum
1386 3027 1446 3083 iltis
1455 3030 1564 3085 arserit.

102 3124 216 3203 pcrtiri.
232 3122 376 3181 Nimirum
392 3139 427 3178 ex
442 3125 523 3194 parte
537 3121 653 3177 tuaiuit
667 3137 684 3176 a
699 3120 783 3177 nobis
807 3119 925 3176 bumili-
943 3122 965 3189 (¹,
1037 3114 1132 3186 (tuno
1147 3116 1225 3173 12115.
1241 3117 1339 3173 Rome
1354 3134 1401 3190 ap.
1417 3117 1447 3174 S.
1462 3117 1591 3188 Petrum,
1606 3118 1666 3176 iul.
1684 3120 1741 3190 11.)

102 3221 149 3275 ter
160 3213 342 3288 postulaturo
360 3222 393 3268 ut
407 3209 578 3268 absolvendi
595 3209 700 3266 tratres
715 3215 782 3266 tuos
795 3209 846 3281 qui
861 3213 929 3267 ante
985 3203 1141 3279 [Antipaitd
1152 3204 1185 3262 de
1206 3205 1310 3290 t’dptire
1330 3209 1364 3264 de
1386 3209 1534 3275 dorecitte,
1555 3208 1701 3266 Marcellia
1727 3208 1809 3280 1717,

104 3305 240 3364 habitum
252 3303 281 3359 in
293 3303 380 3360 domo
392 3309 441 3358 tuo
451 3299 601 3374 religionis
612 3304 797 3372 assumptum
809 3315 840 3356 se
850 3315 929 3355 com·
1287 3280 1374 3351 ¹⁰4⁰,
1392 3281 1426 3351 Π,
1447 3281 1505 3353 29.]

6 3390 9 3395 ’
28 3464 31 3469 ,
106 3393 224 3453 misisse
234 3391 292 3448 tale
302 3390 410 3463 aliquid
420 3389 640 3458 confiterentur,
652 3389 854 3461 propterquod
866 3388 930 3460 ipsu
1020 3384 1212 3442 lunocsnarus
1226 3385 1393 3459 episcopus,
1410 3405 1513 3445 servus
1523 3404 1673 3445 servorum
1685 3387 1747 3457 Dei,
1763 3388 1809 3444 di-

9 3530 14 3539 .
107 3488 173 3543 actu
184 3479 495 3541 excommunicationis
508 3478 683 3536 sententiam
693 3478 932 3544 incurrerunt,et
983 3473 1066 3531 lectis
1081 3474 1149 3531 titiis
1161 3473 1398 3548 elericiseapelte
1412 3477 1626 3534 Sanctasltariae
1641 3477 1808 3535 llassilien·

106 3573 271 3645 aliosqoos
300 3571 329 3627 in
361 3571 463 3626 eadem
493 3570 580 3626 domo
611 3568 744 3625 habitum
779 3567 931 3639 religionis
984 3563 1037 3631 sis,
1053 3563 1178 3620 salutem
1195 3570 1223 3621 et
1236 3565 1425 3638 apostolicam
1442 3567 1683 3625 benedictionem.

106 3678 258 3720 assumere
273 3659 329 3716 sub
343 3658 433 3716 simili
445 3675 514 3714 casu
531 3657 691 3729 continget,
706 3673 743 3713 ne
763 3657 834 3713 dum
859 3657 930 3713 sorte
1019 3653 1035 3709 J
1040 3652 1113 3709 ustis
1122 3653 1281 3724 petentium
1292 3655 1446 3713 desideriis
1456 3657 1579 3730 dignum
1590 3661 1618 3714 et
1626 3675 1679 3714 nos
1690 3656 1806 3715 lacilern

106 3768 158 3826 pro
172 3748 369 3808 absolutionis
380 3747 540 3804 obtinendo
551 3746 693 3803 beneflcio
704 3747 740 3802 ad
751 3747 929 3819 sedemapo-
984 3741 1113 3814 praebere
1125 3758 1311 3813 consensum,
1328 3749 1356 3801 et
1369 3750 1436 3803 vota
1452 3763 1515 3818 qua
1530 3747 1678 3803 arationis
1689 3749 1808 3804 tramite

105 3839 240 3899 stolicarn
258 3837 457 3907 mitterentur,
472 3835 614 3908 evagandi
639 3835 761 3892 materia
785 3835 930 3892 tribuere·
985 3847 1043 3887 non
1054 3833 1233 3905 discordant,
1244 3834 1345 3891 ellectu
1357 3840 1552 3909 prosequente
1562 3835 1717 3909 complere.
1730 3838 1806 3904 Qua·

104 3934 164 3997 tur,
179 3927 290 3986 eisdem
307 3924 456 3982 licentiam
482 3923 640 3981 concedere
664 3924 863 3995 dignaremur.
881 3925 932 3981 lla-
985 3926 1113 3995 propter,
1123 3922 1219 3980 dilecti
1232 3923 1261 3980 in
1274 3924 1395 3982 Domino
1411 3925 1474 3996 lilii,
1485 3927 1591 3983 vestris
1602 3924 1809 3999 postulationi·

105 4022 235 4093 propter,
252 4009 358 4073 dilecte
371 4016 401 4071 in
418 4013 539 4071 Domino
555 4012 608 4082 frti,
625 4013 684 4069 tuis
696 4012 788 4084 justis
799 4012 931 4085 postula·
985 4011 1130 4084 busgrato
1141 4018 1350 4070 concurrentes
1360 4030 1483 4072 assensu
1494 4014 1666 4072 auctoritate
1678 4031 1807 4088 prasen-

6 4162 11 4175 ,
105 4103 573 4178 tionibosgratumimpertientes
581 4117 748 4175 assensum,
758 4103 931 4162 auctoritate
984 4101 1059 4158 tium
1071 4103 1233 4159 districtius
1244 4101 1463 4175 inhibemus,ne
1472 4106 1540 4177 quis
1550 4106 1585 4162 de
1597 4106 1683 4162 bonis
1692 4103 1808 4178 capella

104 4196 159 4255 tibi
185 4194 373 4271 presentium
401 4191 604 4265 indulgemus,
629 4199 661 4249 ut
684 4192 802 4249 eosdem
827 4194 931 4251 iratres
985 4193 1087 4247 vestra
1105 4191 1330 4264 quamdilcctus
1346 4191 1520 4269 liliusltugc
1537 4196 1635 4264 Ferus,
1653 4194 1808 4252 civisldes·

105 4291 173 4344 taos
188 4301 262 4358 qnos
285 4283 383 4340 taliter
392 4299 445 4357 pro
459 4281 587 4340 uiolenta
611 4298 752 4338 manuum
774 4283 931 4354 injectione
986 4279 1125 4351 slliensis,
1143 4282 1206 4339 suis
1229 4283 1399 4354 sumptibus
1430 4284 1539 4340 dicitur
1551 4283 1750 4341 construxisse
1774 4301 1808 4341 ac

105 4371 548 4432 excommunicationisviocula
576 4371 743 4429 constiterit
764 4371 931 4444 innodatos,
986 4371 1079 4428 multa
1089 4372 1275 4445 possessione
1286 4374 1809 4447 dotasse,temerequiequamdistre·

105 4462 160 4521 tibl
175 4462 324 4520 absolvers
347 4460 444 4529 liceat,
472 4461 529 4519 nial
544 4464 690 4533 {excessus
714 4478 816 4518 eorum
844 4462 932 4520 luerit
947 4504 971 4571 D
986 4461 1055 4519 bere
1070 4479 1121 4519 seu
1137 4461 1388 4520 alienareaudcat.

107 4551 239 4610 diltlcilis
254 4554 283 4608 et
292 4550 433 4619 enormis,
450 4554 550 4623 utpote
566 4551 589 4606 si
607 4551 694 4607 luerit
708 4551 744 4607 ed
767 4551 931 4610 mutilatio·
1025 4551 1314 4625 Nulliergoomnimo
1325 4553 1478 4609 hominnm
1490 4552 1808 4628 liceathaucpaginam

108 4658 175 4701 nem
192 4640 317 4700 membri
328 4639 372 4698 vel
389 4640 544 4713 sanguinis
560 4641 733 4698 effusionem
751 4658 932 4714 processum,
988 4645 1092 4697 nostra
1107 4639 1292 4699 inhibitionis
1309 4642 1466 4716 intringere
1476 4641 1519 4700 vel
1530 4643 1555 4700 ei
1568 4660 1641 4701 ausu
1653 4644 1810 4701 temerario

109 4734 201 4793 autin
217 4732 390 4806 episcopum
405 4731 449 4789 vel
464 4732 599 4789 abbatem
616 4731 744 4789 violenta
757 4749 865 4789 manus
888 4733 933 4790 in·
987 4729 1143 4787 contraire.
1160 4731 1268 4803 Siquis
1283 4736 1381 4788 autam
1392 4731 1447 4789 boc
1461 4737 1603 4790 attentare
1614 4750 1810 4806 praesumpse-

105 4824 195 4898 Jooto,
211 4838 278 4882 cum
294 4837 432 4880 excessus
447 4821 520 4878 tales
535 4824 564 4877 ct
578 4820 690 4877 similes
712 4821 776 4878 sine
795 4821 933 4880 scandalo
988 4819 1037 4887 rit,
1053 4819 1287 4894 indignationem
1301 4822 1512 4894 omnipotentis
1527 4823 1577 4879 Dei
1604 4827 1632 4880 et
1656 4823 1809 4880 beatorum

109 4916 261 4988 nequeunt
270 4910 423 4987 praeteriri.
437 4909 593 4985 Nulliorgo
603 4909 849 4968 bominumliceat
859 4912 934 4968 banc
988 4908 1065 4965 Petri
1079 4912 1109 4966 et
1123 4908 1204 4967 Pauli
1220 4910 1418 4983 apostolorum
1434 4913 1497 4984 ejus
1508 4929 1539 4970 sa
1551 4912 1661 4970 noverit
1672 4912 1810 4971 incursu·

111 4998 933 5076 nostraepaginamconcessionisinlringsre,velclausu
987 5013 1064 5056 rum.

110 5092 266 5151 temerario
277 5091 434 5151 contraire.
449 5089 478 5146 ei
495 5088 563 5162 quis
589 5094 688 5146 autem
711 5089 766 5148 boo
790 5095 934 5149 attentare
1025 5089 1128 5146 Dolum
1145 5089 1254 5160 Roma,
1266 5091 1343 5165 apud
1356 5091 1495 5149 Sanctum
1508 5091 1637 5162 Petrum,
1650 5109 1667 5149 v
1678 5092 1811 5152 ldusiu·

109 5182 340 5256 presumpserit,
358 5178 592 5252 indignationem
607 5179 818 5252 omnipotentis
834 5179 883 5237 lloi
906 5184 935 5239 et
987 5178 1030 5248 lii,
1046 5180 1233 5252 pontificatus
1249 5181 1341 5239 nostri
1358 5198 1434 5240 anno
1448 5186 1561 5240 octavo.

146 5449 202 5578 591)
220 5447 261 5507 De
283 5448 339 5506 bac
362 5448 497 5525 epistola,
527 5444 586 5504 buo
609 5460 704 5530 usque
723 5445 844 5519 inedita,
867 5447 933 5508 vide
987 5451 1147 5509 canonieus
1162 5449 1388 5518 Lemoviconsis,
1405 5451 1454 5524 qui
1475 5455 1630 5582 utramgue
1653 5454 1811 5512 nobiscum

110 5517 932 5651 loraqzuaadepistolam170,prrorrGrandimontensi
988 5523 1211 5598 perhumaniter
1225 5523 1465 5582 communicavit.
1481 5524 1561 5583 Euro.
1595 5543 1658 5583 arn.

111 5610 188 5654 anno
199 5595 212 5652 1
235 5593 278 5665 12,
289 5597 357 5652 Mau
369 5597 395 5667 1,
406 5595 558 5663 directam,
570 5589 718 5650 adnotavit
728 5590 761 5650 b.
772 5594 932 5669 assertor,
