3796 5986
426 252 550 309 SERMO
568 254 602 319 V,
622 252 799 309 uotttrttca
819 250 845 307 ll
863 252 902 306 tlt
921 253 1093 307 autentu
1111 252 1252 307 uoutnt.
1636 247 1690 305 331

70 388 139 429 rano
156 373 252 444 (teuit.
268 374 358 446 satu).
374 395 389 425 u
406 376 464 431 Lex
479 393 554 432 nova
569 377 652 448 praeci
658 376 700 448 pit
717 392 723 432 :
747 400 760 429 «
773 376 802 433 Si
819 383 845 448 Α
861 373 1016 431 rusulum«
1028 376 1098 432 Cum
1110 379 1207 431 autem
1219 373 1331 430 venerit
1342 374 1433 430 Filius
1443 373 1570 431 bominis
1581 375 1610 431 in
1622 377 1692 433 sede

70 462 160 519 sserit
175 467 204 519 te
219 461 285 535 quis
299 463 329 519 in
346 481 435 519 unam
453 465 612 534 maxillam,
629 467 723 537 praebe
738 466 763 521 ei
779 471 808 522 66
864 465 1031 536 majestatie
1055 482 1115 521 aaa
1141 464 1248 534 (1161666.
1273 464 1372 535 x1a),s
1400 470 1471 520 tune
1495 464 1690 535 Hierusalem,

72 569 124 623 m;
142 552 167 609 si
192 551 347 610 abstulerit
361 553 414 609 tibi
437 555 581 621 tunicam,
597 556 633 610 da
649 557 675 611 ei
702 560 730 611 et
745 555 808 628 pal·
865 555 893 610 id
911 560 956 610 est
970 553 1122 611 ecelesiam
1140 555 1353 627 perfectissime
1368 553 1526 610 renovabit.
1547 555 1626 611 Sicut
1639 555 1689 611 1ο·

70 642 117 707 ;61
134 641 330 715 angariaverit
346 648 373 700 te
389 642 468 700 mille
483 646 760 717 passus,vadecum
777 661 809 701 eo
865 660 955 699 annes
979 643 1010 699 in
1036 644 1210 717 Apocalypsi
1235 646 1311 716 (cap.
1335 644 1394 714 xxi)
1417 648 1566 700 testatur:
1592 666 1606 695 u
1622 642 1690 699 Vidi
1792 678 1795 683 -

70 729 158 786 sdoo
182 730 289 803 (166116.
305 732 343 804 v).
367 754 381 782 u
403 754 413 783 ι
433 732 489 788 Lex
513 732 591 789 enim
618 751 669 806 per
692 733 808 807 1166666
864 733 1012 789 civitatem
1027 738 1159 789 sanctam
1176 731 1357 790 Hierusalem
1378 749 1493 800 novam,
1509 733 1691 791 descenden-

70 822 119 876 est
134 837 142 876 :
159 822 257 893 gratia
280 823 309 877 61
333 819 441 878 veritas
456 838 509 896 per
532 826 635 879 lesum
659 822 809 879 Christum
864 827 923 878 tem
940 825 975 878 de
996 821 1078 891 coelo,
1095 828 1185 879 alico
1210 829 1354 893 paratam,
1371 826 1400 877 et
1423 822 1500 879 stola
1524 822 1692 880 circumda-

70 908 226 981 66611666.
242 910 274 982 1).
289 928 303 961 s
864 916 938 981 tam,
954 911 1034 967 sicat
1048 928 1189 984 sponsam
1204 916 1336 969 ornatam
1352 912 1414 967 viro
1429 912 1538 969 666116
1552 912 1625 968 dixit
1640 910 1691 985 qni

70 997 93 1054 it
107 1014 173 1071 erpo
186 999 320 1072 propbeta
333 1017 461 1073 66666666,
473 1004 498 1058 66
519 1002 576 1074 ipsc
591 1000 736 1057 renovabit
750 1001 810 1058 ilic·
865 999 1031 1058 sedebatis
1047 1002 1154 1058 throno
1171 1016 1178 1057 :
1194 1005 1265 1059 Eece
1279 1018 1353 1058 aava
1368 1000 1442 1058 16616
1457 1000 1566 1058 omnia.
1582 1022 1594 1053 s

697 1300 891 1392 stulto
928 1302 970 1391 V

604 1451 643 1509 m
662 1451 786 1509 666666
806 1452 982 1510 uenturos
998 1453 1065 1526 (10).

70 1763 80 1801 ι
103 1743 228 1803 sudaret
250 1745 368 1802 loannes
384 1746 414 1800 ia
439 1743 557 1800 uinculis
577 1758 660 1816 66666
690 1742 807 1810 Christi,
824 1742 1007 1816 Bdisciputis
1029 1745 1088 1800 suis
1112 1745 1152 1801 616
1167 1745 1237 1802 illi:
1254 1746 1291 1803 Tu
1313 1764 1340 1805 es
1363 1751 1412 1822 qui
1434 1758 1564 1807 uenturus
1588 1767 1627 1821 es,
1651 1769 1687 1808 66

72 1851 86 1891 s
100 1834 170 1891 daos
194 1835 227 1890 de
241 1834 388 1908 discipulis
411 1836 469 1890 suis
493 1833 536 1889 ait
560 1833 610 1888 illi
625 1849 632 1889 :
649 1833 686 1889 Tu
712 1848 739 1889 cs
761 1831 809 1905 qui
863 1834 952 1889 ulium
965 1834 1178 1905 exspectamus?
1192 1835 1280 1900 Quasi
1300 1835 1410 1895 diceret
1425 1854 1432 1895 :
1445 1838 1527 1895 Sicut
1541 1842 1687 1897 nascendo

70 1942 108 1983 us
123 1942 163 1996 es,
178 1942 216 1982 on
230 1928 319 1981 olium
333 1926 544 1997 exspectamus?
559 1924 636 1995 (luc.
652 1920 714 1994 vu).
863 1938 1043 1993 precurrens
1059 1924 1252 1995 praenuntiavi
1269 1925 1351 1983 vivus
1366 1930 1395 1983 ta
1410 1926 1440 1984 16
1455 1928 1577 1996 mucida,
1594 1945 1632 1985 aa
1647 1929 1689 1985 ita

70 2030 118 2071 um
143 2014 270 2070 fortasse
283 2013 401 2070 videtur
417 2013 495 2085 quod
520 2012 649 2069 loannes
665 2009 807 2083 Baptista,
863 2010 1013 2068 moriendo
1042 2028 1224 2084 praecurrens
1257 2020 1393 2073 mortuus
1421 2017 1625 2089 pronuntiabo
1659 2023 1688 2075 te
1755 2068 1760 2075 .

70 2102 195 2161 brisiam
212 2103 345 2175 praedixit
359 2108 517 2159 venturum
534 2106 563 2158 et
590 2101 719 2158 ostendit
733 2117 809 2173 prce·
864 2100 988 2159 mortuis
1003 2101 1032 2158 in
1049 2102 1188 2160 16166661
1202 2108 1291 2161 Porro
1306 2109 1408 2162 eontra
1430 2107 1555 2180 primam
1570 2108 1685 2181 exposi-

70 2209 92 2249 6
110 2207 119 2249 :
135 2214 150 2244 s
166 2192 251 2258 Ecce,
268 2215 282 2243 a
299 2191 408 2264 inquit,
427 2213 439 2245 u
457 2200 560 2265 Agnus
584 2191 647 2261 Dei,
669 2207 735 2247 ecce
757 2188 809 2261 qui
863 2188 972 2245 tionem
989 2189 1105 2247 videtur
1131 2193 1317 2266 decerequod
1334 2194 1381 2249 hio
1396 2195 1504 2251 dicitur
1520 2214 1527 2254 ε
1544 2197 1582 2252 Tu
1596 2214 1624 2254 ss
1639 2198 1688 2270 qui

78 2286 199 2355 6666666
223 2282 327 2338 muudi
343 2281 432 2355 (loco.
448 2281 551 2353 1);bio
567 2288 611 2336 cet
625 2281 661 2336 de
675 2297 734 2352 quo
750 2277 809 2334 dixi
862 2282 1687 2356 6666666666,666116666666666666616666661616666
1794 2326 1797 2331 >

70 2369 193 2437 ‚Veniat
217 2370 319 2427 tortior
334 2386 381 2427 me
396 2374 461 2442 post
486 2385 543 2438 me,
560 2370 645 2441 cujus
668 2385 727 2424 non
742 2385 808 2425 sum
863 2369 906 2425 Tu
922 2385 953 2425 ee
968 2369 1020 2441 qui
1034 2375 1178 2428 venturus
1193 2372 1274 2429 luisti
1288 2373 1302 2429 1
1316 2375 1388 2430 Cum
1405 2391 1459 2431 666
1481 2375 1611 2433 1666666
1636 2392 1689 2433 666

72 2477 88 2519 s
103 2461 263 2534 corrigiam
289 2458 480 2517 calceamenti
497 2458 608 2515 solvere
623 2457 716 2529 (llere.
733 2457 776 2529 1):
794 2478 808 2507 u
864 2457 1003 2530 discipuli
1028 2460 1199 2518 dubitarent
1221 2462 1288 2534 quia
1302 2463 1390 2520 lesus
1411 2464 1540 2521 venisset
1555 2464 1585 2521 in
1602 2482 1689 2523 mua·

74 2551 164 2627 quasi
189 2550 330 2609 dubitans
345 2566 395 2622 par
417 2549 578 2622 discipulos
594 2548 785 2619 6666666611
801 2563 808 2603 :
865 2548 936 2603 dum
952 2563 1040 2621 quem
1055 2548 1188 2606 viderent
1211 2557 1240 2607 et
1255 2551 1392 2609 audirent
1416 2556 1459 2610 tot
1482 2553 1626 2612 miracula
1648 2556 1690 2611 la-

70 2644 123 2717 essi
136 2644 271 2698 uenturus
286 2656 324 2708 cs,
341 2657 379 2695 cu
392 2638 481 2695 alium
496 2636 704 2711 exspectamus?
719 2636 810 2707 Prop·
865 2634 1001 2692 cientem.
1017 2636 1157 2695 Sciebant
1170 2638 1263 2711 igitur
1285 2640 1356 2713 quia
1373 2641 1437 2712 jam
1461 2648 1600 2713 venerat,
1617 2660 1691 2717 quo·

70 2747 127 2789 6666
142 2730 360 2787 dubitationem
381 2728 502 2801 quidam
517 2730 698 2792 erraverunt,
715 2724 811 2782 dicea-
867 2725 953 2781 modo
969 2741 1037 2798 ergo
1062 2727 1240 2785 dubitabant
1254 2745 1291 2784 an
1312 2734 1391 2786 esset
1404 2731 1571 2788 venturust
1585 2734 1693 2790 Contra

70 2814 813 2890 66666666666666666666,6616661661666666-
865 2814 1026 2870 secundam
1059 2820 1159 2872 autem
1193 2817 1408 2888 expositionem
1440 2819 1557 2877 videtur
1586 2821 1691 2895 iacere,

82 2912 188 2985 postea
213 2908 369 2964 dubitavit.
387 2907 492 2963 Verum
518 2922 584 2961 cum
601 2905 664 2977 ipae
678 2903 813 2959 cbristus
867 2903 945 2974 quod
967 2902 1101 2961 cbristus
1125 2904 1173 2961 hic
1197 2906 1285 2978 primi
1307 2911 1423 2964 tantum
1450 2910 1593 2968 adventus
1607 2912 1695 2985 signa

70 3014 114 3059 sm
129 2998 221 3056 istum
238 2997 434 3065 damnaverit,
452 2996 552 3052 dicens
569 3011 576 3051 :
591 3017 604 3046 «
621 2994 695 3060 Quid
711 2991 814 3049 existis
868 3008 1102 3050 cornmcmorans
1117 2995 1214 3067 inquit
1228 2996 1297 3052 Caci
1310 2997 1416 3068 uident,
1428 2997 1525 3056 claudi
1538 3002 1695 3075 ambulant,

70 3093 182 3146 sertum
198 3086 321 3144 videret
336 3085 532 3160 prophetam?
548 3083 637 3141 etiam
652 3082 716 3138 dico
731 3081 813 3138 vobis
869 3082 973 3153 leprosi
986 3083 1167 3152 mundantur,
1183 3090 1238 3141 etc.

70 3195 93 3237 ts
108 3194 199 3251 quam
215 3175 480 3250 prophetam,inter
493 3179 577 3230 natos
587 3172 812 3230 mulierumnoa
829 3128 850 3197 c
905 3174 1069 3229 Possumus
1083 3190 1163 3247 ergo,
1181 3174 1285 3232 iratres
1299 3174 1479 3247 charissimi,
1489 3178 1588 3237 locum
1603 3181 1695 3238 istum

70 3268 113 3327 stt
128 3267 224 3340 maior
238 3266 353 3323 Joaane
367 3264 501 3338 Baptista
515 3263 620 3336 (llottlt.
635 3263 676 3335 11)
687 3282 695 3331 ;
707 3284 721 3312 u
737 3277 815 3333 qua·
868 3260 952 3317 aliter
965 3260 1139 3335 intelligere,
1155 3279 1230 3321 novo
1244 3264 1365 3336 quidem
1388 3269 1474 3324 modo
1499 3270 1549 3326 sed
1564 3288 1648 3339 sano,
1663 3275 1697 3327 ut

69 3374 111 3415 tm
128 3360 174 3414 est
188 3355 436 3427 nobis,quomodo
452 3352 548 3410 locum
564 3353 655 3410 istum
670 3348 814 3422 intellige·
869 3350 957 3408 verba
971 3357 1133 3408 covrsoaent
1148 3357 1178 3409 et
1190 3360 1377 3411 sacramenta
1401 3359 1598 3430 concordent3
1623 3377 1696 3433 qua·

70 3448 207 3505 beamus.
223 3448 299 3500 Sane
312 3443 396 3501 locus
411 3443 467 3499 iste
481 3442 597 3499 duobus
612 3439 736 3497 modian
750 3455 816 3495 aaa·
870 3444 956 3496 tenus
970 3439 1051 3496 basis
1066 3440 1105 3496 sit
1128 3441 1183 3496 sub
1208 3441 1355 3512 columna,
1373 3452 1401 3500 et
1425 3451 1488 3502 rota
1510 3447 1699 3505 contineatur

70 3535 198 3593 ’utribus
213 3535 362 3591 invenitur
375 3533 538 3606 expositus,
561 3530 696 3587 videlicet
719 3529 753 3584 do
769 3527 817 3584 ad·
870 3528 900 3585 in
916 3532 989 3584 rota.
1006 3529 1144 3586 Dicamus
1160 3530 1251 3602 igitur
1265 3532 1342 3604 quod
1355 3533 1437 3590 loeas
1451 3535 1506 3592 ista
1521 3536 1557 3594 de
1571 3538 1697 3596 adveatu

70 3644 74 3683 ι
92 3625 123 3682 16
140 3625 285 3681 mundum
311 3621 361 3696 qui
378 3628 449 3679 tunc
463 3627 526 3678 erat
549 3618 725 3694 praeteritus,
740 3624 768 3673 et
781 3616 817 3673 de
872 3617 907 3673 ad
921 3616 1068 3686 iudicium
1093 3616 1280 3691 intelligitur,
1297 3621 1333 3677 de
1354 3639 1412 3693 quo
1436 3623 1497 3680 siva
1520 3626 1699 3685 dubitaverit

70 3718 117 3773 sta
132 3715 169 3771 ad
185 3714 333 3770 internum
350 3711 402 3784 qui
418 3716 488 3768 tunc
502 3715 564 3767 erut
587 3710 715 3765 iuturus.
729 3706 819 3763 Juxta
871 3706 935 3778 ipae
957 3706 1097 3776 loannes,
1114 3708 1175 3764 slva
1198 3710 1275 3781 quod
1289 3715 1335 3767 est
1349 3713 1442 3770 tutius
1466 3715 1591 3787 opinari,
1607 3716 1699 3775 disci-

70 3821 117 3862 am
144 3801 355 3877 expositionem
371 3818 430 3857 non
453 3799 598 3856 dubitavit
612 3799 752 3867 loannes,
768 3793 818 3851 scd
873 3795 933 3868 poli
957 3795 1167 3868 dubitaverint,
1191 3798 1304 3855 initiens
1324 3800 1393 3858 duos
1416 3802 1450 3861 de
1471 3803 1619 3878 discipulis
1638 3807 1699 3864 suis

70 3897 200 3951 averunt
231 3889 380 3963 discipuli.
408 3889 491 3946 Unde
514 3886 651 3961 discipuli
679 3903 737 3943 non
767 3898 819 3957 pro
872 3886 913 3941 cit
930 3885 976 3942 illi
987 3903 997 3942 :
1013 3886 1050 3941 lu
1065 3902 1093 3943 es
1116 3890 1165 3959 qui
1180 3900 1311 3945 uenturus
1325 3907 1363 3959 cs,
1378 3909 1416 3947 66
1439 3892 1532 3951 alium
1556 3901 1698 3969 suspecto·

70 3999 110 4055 ts,
125 3982 177 4039 sed
204 3997 257 4054 pro
281 3997 313 4037 ae
341 3981 593 4050 interrogaverunt
609 3978 739 4034 dicentes
755 3991 763 4033 t
777 3975 820 4030 Ao
874 3978 956 4031 mus?
970 3975 1059 4041 Quasi
1074 3976 1205 4033 diceret:
1222 3978 1323 4034 ludica
1345 3981 1431 4037 nobie
1453 3982 1479 4038 61
1504 3986 1698 4056 quemadmo-

70 4073 307 4145 tsaespectomusl
320 4069 382 4125 Non
399 4069 553 4125 dixerunt:
569 4071 612 4123 Aa
628 4067 718 4122 aliam
734 4065 820 4121 Joan·
875 4065 945 4119 dum
961 4081 1013 4138 por
1028 4070 1056 4120 te
1070 4065 1168 4138 ipsum
1184 4068 1290 4123 venisti
1307 4068 1336 4123 16
1353 4071 1497 4127 mundum
1522 4075 1559 4129 ad
1584 4075 1698 4131 redem-

70 4159 241 4234 exspectat?
257 4158 309 4216 sed
327 4175 334 4215 :
351 4160 394 4215 du
416 4159 506 4214 alium
529 4159 741 4230 exspectamus?
752 4154 821 4227 quia
875 4154 1014 4225 ptionem,
1027 4155 1067 4208 ita
1083 4154 1124 4210 616
1140 4172 1191 4226 666
1205 4161 1232 4211 16
1246 4155 1344 4228 ipsum
1360 4161 1698 4232 venturueadJudicium

70 4250 181 4309 dubitat
196 4250 395 4317 loannes,aed
412 4265 466 4304 aas
481 4247 663 4302 dubitamus.
677 4244 761 4300 Alius
777 4248 820 4299 ta·
875 4243 910 4298 ad
920 4244 1144 4299 retributionem
1156 4244 1214 4299 ‘last
1226 4245 1315 4301 ulium
1326 4247 1423 4318 potius
1433 4257 1625 4320 exspectamus
1635 4269 1701 4309 ven-

74 4337 257 4413 avangelista
280 4342 418 4408 testatur,
434 4336 512 4409 quod
537 4352 604 4391 euin
619 4334 770 4390 venissent
784 4331 820 4388 ad
874 4330 998 4388 turum?
1013 4332 1183 4401 Respondeas
1207 4344 1302 4389 cutem
1315 4336 1392 4391 lesus
1408 4335 1481 4393 dicit
1501 4339 1560 4397 allis
1575 4342 1702 4399 61166666

76 4430 131 4489 viri
146 4430 277 4487 dicentes
294 4446 301 4485 :
315 4428 447 4485 1666666
470 4425 603 4499 baptista
619 4424 700 4481 misit
715 4439 768 4480 noe
783 4422 820 4477 ad
875 4422 1037 4477 renuntiate
1051 4423 1153 4477 166661
1166 4437 1230 4493 puae
1243 4422 1360 4480 audistis
1372 4432 1398 4481 66
1418 4425 1536 4486 uidistis.
1551 4429 1641 4496 06661
1657 4431 1702 4487 di-

70 4535 139 4581 6666
155 4535 163 4576 ;
180 4520 218 4575 Tu
230 4534 258 4574 ss
272 4519 321 4590 qui
332 4525 464 4573 uenturus
479 4532 517 4582 es,
530 4532 566 4570 oss
581 4514 671 4570 alium
684 4515 823 4585 66666666·
837 4498 862 4562 Ι)
876 4515 923 4566 666
938 4526 946 4565 :
960 4511 1028 4575 0666
1044 4510 1170 4567 66616616
1184 4511 1215 4568 16
1229 4510 1293 4585 lege
1309 4514 1525 4585 praedicta,ecce
1539 4519 1657 4576 vidistis
1672 4519 1703 4577 16

70 4611 125 4669 666
147 4606 284 4665 videlicet
305 4604 423 4679 plenius
448 4605 639 4675 responderet
660 4602 823 4674 interroga·
878 4599 1032 4673 Evangelio
1057 4599 1226 4671 adimpleta.
1244 4601 1275 4656 ln
1290 4601 1353 4675 legs
1377 4604 1486 4678 quippe
1510 4608 1637 4667 audiatis
1651 4624 1704 4683 666

81 4715 149 4773 qaas
165 4696 219 4753 luit
234 4712 269 4752 ex
284 4700 365 4767 parte
380 4694 525 4766 magistri.
878 4689 1050 4762 prophetam
1062 4691 1352 4762 predicentemdicce
1362 4693 1440 4751 Deua
1451 4701 1551 4754 noster
1561 4699 1701 4755 ultionem

71 4792 168 4860 tergo
178 4800 294 4843 sensus:
307 4783 380 4839 Cum
391 4783 522 4839 loannes
533 4783 562 4838 in
573 4780 697 4838 vinculis
709 4781 824 4854 positus
879 4779 1005 4835 adducet
1019 4779 1230 4836 retributionis.
1247 4785 1323 4838 Deae
1339 4783 1402 4855 1666
1417 4785 1523 4856 veniet,
1534 4792 1564 4845 et
1577 4787 1703 4844 salvabit

70 4874 364 4948 ssetpsrdisoipulos
377 4873 533 4929 relerentes
544 4871 674 4944 opera,id
684 4876 729 4927 est
740 4871 824 4927 mira·
879 4885 945 4925 noa.
959 4874 1040 4924 Tunc
1056 4870 1223 4940 aperientur
1236 4871 1312 4927 oculi
1328 4888 1481 4942 caecorum,
1493 4881 1522 4931 at
1537 4892 1621 4933 aures
1636 4892 1702 4931 sur·

86 4965 209 5034 Cbristi,
226 4961 434 5019 dubitantibus
459 4961 555 5017 adhuc
575 4961 645 5030 illis,
670 4959 753 5015 misit
776 4975 825 5015 coe
881 4957 986 5015 durum
1001 4958 1152 5029 patebunt.
1163 4958 1245 5014 Tunc
1260 4958 1345 5015 661161
1359 4960 1437 5019 sieut
1451 4980 1553 5021 cervus
1567 4964 1702 5036 claudus,

74 5071 127 5113 aes
138 5054 174 5110 ad
185 5052 348 5119 Christum,
360 5054 390 5105 ut
400 5051 436 5106 ab
449 5050 512 5122 ipso
524 5053 687 5121 quaererent
696 5051 725 5104 et
740 5048 825 5103 audi·
881 5051 910 5101 et
920 5050 1020 5117 aperta
1029 5046 1085 5101 6611
1096 5045 1198 5118 lingua
1208 5052 1355 5105 mutorum
1369 5051 1595 5125 (isamelitas
1604 5052 1703 5126 ipsum

70 5187 72 5199 .
87 5142 296 5201 Juxtal'sctam
309 5143 407 5196 autem
423 5138 637 5210 expositionem
659 5154 717 5193 666
729 5136 826 5193 solum
882 5135 912 5190 in
925 5134 1080 5208 Evangelio
1091 5152 1143 5207 per
1153 5151 1200 5191 me
1211 5136 1317 5194 videtis
1327 5138 1493 5211 impletum,
1504 5142 1649 5212 quiacaeci
1662 5143 1706 5200 ui·

71 5236 209 5291 taverunt
220 5227 424 5301 discipuli,eed
440 5228 530 5284 ctiam
546 5226 828 5283 dubitavltloaanes
882 5224 1055 5293 detractandi
1063 5225 1306 5297 ambulant,surdi
1316 5227 1447 5295 audiunt,
1457 5229 1559 5302 leprosi
1566 5232 1707 5291 mussas-

72 5338 104 5383 m
118 5320 254 5379 videlicet
268 5316 405 5375 cbristus
415 5332 467 5391 per
476 5334 508 5373 66
523 5334 560 5373 66
576 5333 628 5389 666
641 5316 734 5372 alium
750 5319 829 5373 esset
882 5322 938 5381 tur,
949 5315 1022 5370 muti
1032 5314 1191 5387 loquuntur.
1204 5314 1262 5388 ligo
1273 5329 1342 5388 ergo
1354 5321 1495 5374 venturus
1504 5335 1573 5377 sum
1583 5321 1619 5378 ad
1627 5322 1709 5394 ladi-

70 5411 174 5471 aloros
198 5410 408 5466 descensurus.
425 5410 459 5463 lit
482 5406 547 5463 ideo
569 5407 681 5462 mittens
706 5404 774 5463 duos
797 5403 830 5460 dc
882 5403 961 5460 cium
977 5402 1208 5476 retributor,qai
1222 5402 1288 5460 veni
1303 5404 1333 5460 in
1351 5407 1494 5464 mundum
1510 5407 1658 5469 salvator:
1675 5412 1711 5469 de

70 5589 96 5664 t)
109 5592 154 5647 tlx
168 5588 240 5645 edit.
255 5585 336 5643 card.
353 5584 432 5643 llaii.
