3796 5986
87 246 142 306 eea
503 247 711 305 revocarem
731 247 770 302 111
789 240 1104 303 persecutiones
1123 247 1375 306 narnuroen.
1455 228 1457 234 ’
1744 240 1795 297 too

89 389 263 450 pauperum,
280 377 399 445 prepter
414 371 543 430 officium
559 372 689 444 pietatis,
700 371 777 428 sicut
788 371 913 429 audistis
928 376 954 442 Α
970 372 1101 444 pontifex
1115 388 1252 428 summus
1267 371 1297 429 iu
1312 370 1376 444 lege
1392 371 1483 429 mmai
1499 370 1528 426 in
1545 385 1622 427 anno
1638 368 1670 424 in
1690 368 1796 424 Sancta

90 480 155 521 eum
171 462 361 536 Evangelium
377 461 539 535 legeretur:
555 461 629 528 Quia
644 476 768 533 surgens
786 461 874 517 lesus
898 477 915 515 a
971 465 1140 516 sanctorum
1156 477 1223 516 oum
1239 464 1385 533 sanguina
1413 458 1554 516 introivit.
1571 461 1645 514 Ecce
1673 456 1797 513 breviter

90 569 183 623 coena,
200 552 298 624 posuit
311 553 486 609 vestimenta
499 568 564 621 sua,
578 555 607 607 et
622 550 805 623 praecingens
821 566 852 605 ee
863 549 915 604 lin·
970 550 1119 607 hodierne
1145 549 1340 608 solemnitatis
1364 548 1568 606 intimavimus
1596 553 1797 615 sacramenta,

92 645 150 710 teo,
167 639 248 698 misit
264 656 372 713 aquam
386 640 415 696 in
431 640 549 713 pelvim,
562 643 591 695 ot
607 638 679 694 lavit
709 638 797 711 pedes
827 638 914 694 disci·
970 655 1035 711 qna
1051 639 1189 712 prosequi
1206 656 1263 695 uon
1278 637 1421 709 valemus,
1437 643 1466 695 et
1481 642 1600 710 propter
1633 634 1796 693 tumultum

92 730 242 806 pulorum‚
255 735 284 787 et
303 731 357 786 ait:
374 729 537 802 Exemplum
557 728 626 784 dedi
652 728 740 795 uelis,
758 737 788 784 nt
816 732 842 785 et
870 743 916 784 uos
971 727 1083 800 populi,
1097 731 1127 784 et
1142 728 1337 800 prolixitatem
1354 727 1453 795 officii,
1468 728 1519 784 ssd
1534 742 1582 799 qut
1600 727 1734 793 latuerat,
1745 741 1798 782 nors

92 820 229 879 similiter
242 820 362 893 faciatis.
375 821 447 875 ltem
462 816 604 874 lotionem
624 816 836 890 lacrymarum,
852 833 916 889 quae
970 816 1076 889 indiget
1090 816 1150 874 nisi
1162 826 1193 874 nt
1216 819 1301 891 pedes
1327 817 1469 885 faustam
1498 821 1537 873 eat
1561 816 1691 872 mumdur
1718 824 1798 873 totae.

94 911 285 984 profluuntax
297 907 391 965 oculis
401 908 437 964 ad
448 906 622 979 lamentum,
635 907 665 962 in
677 905 917 964 reconciliatione
971 906 1056 962 Multi
1071 906 1122 962 loti
1138 910 1209 963 sunt
1224 907 1260 968 ab
1275 907 1412 979 operibus
1430 906 1528 974 malis,
1543 905 1595 979 qui
1626 909 1730 962 tamen
1749 905 1799 961 loti

95 998 310 1072 pmniteutium,
327 1013 391 1070 qna
405 996 493 1052 bodie
507 995 681 1053 celebratur.
697 999 731 1052 Et
747 995 816 1051 lotio
829 995 918 1068 lacry-
972 1011 1032 1051 non
1046 999 1117 1052 sunt
1132 1013 1149 1052 a
1163 995 1391 1069 cogitationibus
1407 994 1516 1070 pravis.
1528 995 1564 1051 lit
1578 994 1644 1050 idso
1660 993 1749 1051 multi
1761 993 1800 1050 la·

95 1103 222 1156 marum,
234 1102 298 1159 quae
314 1085 477 1158 procedunt
490 1101 525 1142 ex
540 1084 695 1141 arboribus
706 1085 741 1141 ad
753 1100 918 1142 sacramen·
972 1089 1042 1141 vent
1058 1101 1177 1152 manus,
1192 1087 1243 1158 qui
1259 1090 1357 1142 umen
1373 1086 1529 1159 padasnon
1541 1083 1651 1140 lavant.
1662 1084 1802 1151 Quocirca
1844 1076 1846 1100 ²

92 1181 168 1247 tum,
184 1175 214 1231 in
229 1174 399 1231 chrismatis
415 1174 605 1242 confectione,
636 1175 712 1246 quod
742 1190 777 1230 ex
804 1172 868 1229 oleo
891 1176 919 1229 et
975 1173 1025 1246 qui
1041 1173 1116 1231 lotas
1132 1174 1223 1231 habet
1239 1191 1348 1230 manus
1363 1174 1400 1231 ab
1415 1173 1525 1255 affectu·
1537 1172 1749 1246 peccati,lavrt
1760 1189 1802 1246 pe·

14 1326 17 1331 ,
93 1266 225 1324 balsamo
239 1267 437 1322 consecratur.
454 1264 578 1335 Rursus,
594 1262 733 1320 lotionem
754 1261 918 1335 sanguinis,
974 1263 1025 1319 des
1034 1264 1071 1319 ab
1079 1264 1183 1320 affeetu
1194 1263 1391 1337 peccandi3et
1401 1263 1594 1321 siomumdus
1602 1263 1642 1318 sit
1652 1263 1802 1319 totus.Pro

95 1352 920 1428 quilioetsemelsitsffususrnoruoe,sapetamenpo·
974 1352 1365 1426 quamnnditiapramisse
1389 1352 1516 1410 lotiones
1546 1356 1617 1409 suut
1651 1351 1803 1421 instituta,

93 1447 174 1502 tatur
187 1443 221 1515 in
233 1442 330 1500 oalioe.
346 1441 476 1506 Quarum
487 1441 610 1499 alteram
621 1442 773 1498 Romanus
789 1441 920 1513 pontifex
975 1458 1050 1514 quas
1066 1441 1115 1498 ille
1130 1442 1218 1516 digne
1234 1458 1288 1499 noe
1303 1442 1560 1510 faeiatcelebrare3
1574 1440 1626 1514 qui
1645 1441 1803 1515 dignanter

2 1560 6 1567 ·
95 1536 293 1608 representat,
304 1533 334 1587 in
345 1548 379 1589 eo
394 1532 472 1605 quod
488 1531 576 1588 hodio
591 1535 705 1589 remota
720 1530 822 1587 tabula
835 1531 921 1588 Late·
976 1530 1042 1587 illus
1054 1530 1201 1589 instituit:
1218 1532 1307 1590 lasus
1321 1531 1457 1590 cbristus
1473 1531 1617 1587 Dominus
1634 1535 1746 1600 noster,
1757 1531 1805 1603 qui

16 1640 18 1646 ·
95 1622 231 1681 nonensis
245 1621 357 1689 alteris,
374 1622 453 1679 intra
463 1621 561 1694 ipsum
573 1620 665 1678 altare
679 1619 798 1677 conlinit
811 1621 921 1677 eurha·
975 1625 1021 1678 est
1035 1636 1125 1694 super
1139 1620 1421 1680 omnisbeuediclus
1436 1621 1515 1680 Deus
1529 1621 1560 1677 in
1576 1618 1685 1678 aaeoula
1713 1635 1804 1678 sacn-

96 1711 313 1771 ristiamrillnd
328 1711 360 1769 in
389 1711 444 1768 boo
466 1710 541 1768 farto
570 1725 816 1781 commemorans,
842 1710 920 1782 qnod
978 1709 1082 1767 lorum.
1101 1711 1205 1768 Amen.

835 2041 970 2104 SDRMD
993 2041 1057 2104 XX.

663 2206 838 2266 bombica
852 2209 963 2266 Pellae
972 2207 1060 2266 Post*
1074 2208 1224 2266 Pascat.

132 2546 197 2602 Post
219 2545 375 2617 passionem
401 2559 483 2600 suein
509 2543 633 2600 cbristus
656 2544 779 2617 praeluit
807 2545 968 2617 reipsumB
1019 2544 1094 2611 Quid
1114 2547 1269 2602 astantem
1283 2544 1361 2617 quod
1375 2541 1510 2601 Christus
1526 2543 1593 2613 poet
1613 2543 1806 2600 resurrectio·

97 2634 190 2692 riuum
205 2634 334 2708 apostolis
348 2636 379 2690 ia
393 2633 490 2690 maltis
501 2635 686 2705 argumentis,
699 2649 750 2707 per
774 2632 833 2690 dies
856 2649 924 2706 quc·
980 2650 1048 2690 nem
1064 2632 1147 2707 prius
1155 2632 1371 2707 feminisquam
1382 2631 1523 2689 masculis
1534 2647 1565 2689 se
1576 2631 1718 2701 ostendit,
1727 2637 1757 2690 et
1766 2633 1810 2689 in·

6 2779 9 2783 .
97 2723 234 2796 draginta
266 2723 398 2797 apparuit
434 2725 484 2796 rit,
514 2722 677 2796 loquebatur
705 2723 738 2779 cle
767 2739 849 2796 regno
875 2721 925 2779 Dei
978 2726 1024 2779 ter
1038 2722 1163 2779 feminas
1175 2721 1271 2796 primo
1298 2721 1397 2780 llariae
1423 2719 1614 2794 Madagleeae,
1631 2736 1664 2777 ac
1695 2719 1805 2778 deinde

98 2813 167 2885 (Act.
184 2815 215 2886 ι).
979 2811 1045 2867 aliis
1060 2811 1244 2880 mulieribus,
1261 2814 1291 2868 et
1306 2811 1382 2867 inter
1403 2807 1553 2867 masculos
1582 2809 1677 2883 primo
1706 2810 1805 2882 Petro,

86 2886 89 2896 ’
133 2899 366 2970 volens,fratres
378 2898 554 2971 charissimi,
570 2899 646 2970 volo,
659 2899 825 2971 siposenm,
836 2915 924 2972 argu·
979 2917 1013 2956 no
1028 2900 1134 2957 deinde
1149 2899 1303 2973 discipulis
1313 2899 1401 2957 aliis‘l
1415 2899 1459 2956 Sit
1473 2898 1530 2955 ista
1545 2900 1630 2970 ratio,
1642 2898 1667 2956 si
1683 2915 1742 2957 non
1754 2915 1806 2973 po·

98 2995 199 3049 menta
214 2990 404 3064 distinguere,
420 3004 542 3063 perque
550 2989 693 3046 Dominus
703 2988 854 3045 veritatem
865 3005 924 3044 sua
979 2992 1038 3046 test
1053 2988 1157 3046 melior
1171 2989 1327 3063 assignari,
1343 2993 1375 3046 ut
1388 2989 1457 3062 quia
1473 2987 1579 3046 mulier
1592 2988 1675 3063 prius
1702 3005 1807 3062 pecca-

99 3079 325 3138 rssurrectionis
340 3079 535 3151 irretragabili
551 3079 663 3134 ratione
682 3078 825 3151 probavit,
841 3076 925 3134 vide·
979 3080 1020 3135 vit
1034 3094 1122 3150 qnam
1138 3079 1191 3148 vir,
1208 3084 1238 3135 et
1253 3079 1282 3134 in
1298 3079 1358 3135 Dve
1372 3082 1566 3151 peccaverunt
1580 3083 1690 3136 craterae
1702 3077 1805 3135 mulia·

98 3167 226 3242 licetper
236 3166 430 3239 frequentiam
443 3165 671 3240 apparitionum,
683 3165 925 3223 attestimonium
979 3183 1036 3233 res,
1049 3167 1079 3222 in
1092 3168 1186 3223 Adam
1201 3183 1269 3224 vero
1285 3167 1378 3224 catari
1407 3167 1472 3223 viri.
1493 3172 1648 3239 Propterea
1669 3167 1804 3226 cbristus

100 3255 283 3330 angelorum,
294 3272 346 3329 per
360 3254 558 3312 ostensionem
573 3253 726 3311 vulnerum
741 3258 770 3311 et
784 3270 868 3311 esum
885 3253 926 3310 ci·
979 3257 1142 3313 secundum
1158 3256 1346 3329 praeriptum
1362 3256 1493 3313 ordinem
1510 3256 1593 3328 prins
1619 3255 1805 3325 mulieribus,

81 3415 84 3421 .
101 3347 216 3418 borum,
233 3363 285 3417 per
300 3344 512 3418 expositionem
521 3344 787 3417 scripturarum,et
797 3359 847 3417 per
857 3360 925 3417 ope·
979 3349 1010 3401 et
1023 3348 1124 3419 postea
1139 3346 1209 3402 viris
1224 3345 1371 3418 apparuit.
1387 3345 1424 3401 Ut
1452 3345 1704 3417 quemadmodum
1738 3362 1805 3418 pro·

100 3435 243 3493 rationem
258 3433 480 3491 miraculorum.
498 3433 551 3490 Per
563 3433 759 3506 frequentiam
770 3432 848 3490 enim
872 3449 924 3505 ap·
979 3433 1068 3490 cessit
1083 3450 1164 3492 mors
1178 3433 1368 3507 perculpam,
1379 3433 1420 3491 ita
1431 3434 1730 3507 procederetvitaper
1740 3451 1810 3506 gra·

102 3526 279 3600 peritiorum
292 3524 442 3581 veritatem
459 3539 518 3579 sure
543 3521 768 3581 resurrectionis
792 3521 925 3579 Christus
979 3522 1658 3596 tiamllludantomsanedebetintelligi,quod
1671 3524 1808 3581 Christus

101 3615 240 3684 ostendit,
257 3612 327 3686 quia
341 3613 371 3668 in
384 3612 539 3684 Evangelio
554 3611 651 3668 decies
661 3616 728 3683 poet
738 3613 926 3668 resurrectio·
980 3629 1032 3685 per
1047 3613 1243 3685 quadraginta
1259 3610 1321 3668 dies
1332 3616 1400 3684 post
1411 3611 1655 3668 resurreetionem
1666 3629 1753 3670 suam
1765 3611 1808 3670 di·

102 3718 168 3758 nem
184 3701 357 3774 apparuisse
373 3701 561 3756 describitur.
579 3700 679 3756 Primo
696 3699 786 3756 Maria
805 3701 925 3773 Magda·
979 3707 1064 3758 eatur
1078 3700 1251 3775 apparuisse
1266 3698 1431 3773 discipulis,
1448 3717 1505 3756 non
1522 3700 1642 3772 quidem
1661 3703 1739 3774 quod
1754 3720 1806 3776 ap·

98 3790 183 3860 lente,
199 3791 317 3863 quando
334 3788 407 3845 dixit
421 3788 465 3845 ei:
482 3787 547 3844 Noli
563 3805 609 3845 me
623 3793 754 3861 tangore,
770 3795 824 3845 etc.
842 3791 923 3862 (fone
979 3790 1109 3862 paruerit
1123 3789 1182 3846 illis
1198 3788 1533 3862 singulisquadraginta
1548 3789 1663 3857 diebus,
1674 3791 1725 3847 sed
1737 3793 1808 3863 quia

95 3881 164 3952 xxi:
180 3879 321 3949 secundo,
337 3877 405 3949 ipsi,
420 3882 449 3933 et
463 3876 529 3934 aliia
545 3875 730 3946 mulieribus,
747 3879 865 3950 quando
876 3895 921 3935 ao·
979 3879 1147 3951 frequenter
1155 3880 1412 3951 porquadraginta
1423 3878 1712 3946 dies,eioutloennes
1720 3895 1807 3937 evan·

95 3971 259 4039 cesserunt,
273 3970 301 4024 ol
315 3969 474 4023 tenuerunt
488 3967 577 4038 podes
592 3966 667 4037 ejus,
683 3971 712 4022 et
727 3967 921 4023 adoraverunt
976 3967 1082 4040 gelista
1096 3971 1233 4035 testatur,
1249 3968 1325 4040 quod
1342 3967 1433 4024 tertie
1443 3966 1501 4024 diei
1510 3967 1738 4041 apparitionem,
1751 3962 1804 4026 ssd

97 4073 164 4115 eum
182 4058 290 4128 (lfcttfr.
319 4055 439 4127 xxv111);
466 4055 562 4121 tertio,
589 4055 701 4112 Simoni
731 4061 815 4112 Petro
845 4058 920 4128 (luc.
975 4056 1804 4129 tertiumapparitionumdiemoommemoranaaitzllie

94 4151 190 4221 xx1v);
207 4152 324 4220 quarto,
340 4146 455 4203 duobus
470 4144 626 4217 discipulis
642 4146 781 4202 euntibus
797 4145 827 4201 in
851 4147 921 4203 lim-
972 4145 1034 4216 jam
1045 4144 1131 4202 tertio
1143 4145 1494 4202 manisfestasitselesus
1505 4145 1662 4220 discipulis
1673 4147 1710 4203 ad
1722 4162 1804 4205 mare

95 4236 308 4310 maus(itid.);
329 4234 445 4308 quinto,
474 4235 587 4292 ceteris
611 4234 777 4309 discipulis,
803 4237 921 4309 quando
975 4233 1149 4291 Tiberiadis.
1167 4233 1479 4292 Manifestavitautem
1498 4233 1559 4290 sio:
1592 4237 1684 4291 Erant
1714 4232 1804 4291 simul

96 4330 164 4399 post
177 4326 241 4381 dies
256 4330 321 4382 octo
338 4325 418 4381 venit
433 4325 482 4382 ubl
493 4328 578 4382 erant
592 4325 775 4398 congregati,
799 4329 828 4382 et
843 4326 921 4382 'l'bo-
976 4322 1076 4380 Simon
1091 4324 1208 4394 Petrus,
1221 4328 1276 4380 ete.
1291 4323 1381 4395 (loce.
1398 4325 1472 4394 xxi.)
1486 4345 1501 4375 »
1517 4322 1582 4380 Non
1598 4327 1645 4381 est
1660 4340 1729 4398 ergo
1746 4323 1801 4381 ali·

94 4430 158 4471 rnas
172 4417 235 4470 erat
247 4429 314 4470 cum
328 4414 371 4470 eis
385 4415 476 4484 (foen.
498 4414 566 4487 xxi:
591 4419 682 4483 sexto,
696 4419 810 4486 septem
833 4414 921 4472 disci·
975 4417 1121 4484 qnatenus
1135 4413 1333 4471 dubitandum
1348 4414 1384 4469 de
1394 4413 1446 4470 Dei
1457 4413 1590 4484 veritate,
1599 4412 1717 4486 quoties
1727 4412 1805 4471 mul·

90 4503 170 4576 pulis
185 4503 219 4557 ad
233 4518 313 4559 mare
329 4502 502 4575 Tiberiadis,
521 4504 640 4576 quando
652 4503 712 4559 illis
735 4504 920 4577 piscantibus
975 4506 1074 4558 torum
1085 4501 1456 4575 oculisestingeste,quam
1469 4502 1503 4560 ad
1519 4503 1661 4574 majorem
1672 4503 1740 4560 fidei
1752 4503 1804 4560 flr·

91 4590 171 4649 stetit
184 4589 272 4647 lesus
287 4591 317 4647 iu
332 4591 432 4649 littore
452 4592 542 4664 (foen.
567 4593 644 4664 xxi);
671 4593 810 4666 septimo,
826 4594 919 4651 nnde·
975 4592 1108 4649 mitatem
1121 4608 1172 4664 per
1182 4589 1355 4665 angelorum
1368 4607 1497 4664 namque
1508 4592 1713 4650 testimonium
1726 4591 1804 4649 mul·

90 4680 147 4738 eim
158 4678 324 4754 discipulis,
335 4681 453 4753 quando
465 4680 638 4738 abieruntin
648 4681 918 4740 Galileaminmon·
973 4679 1059 4737 toties
1075 4680 1242 4739 declaravit.
1261 4680 1370 4751 Primo,
1393 4681 1511 4752 quando
1536 4680 1659 4752 angelus
1682 4681 1803 4741 Domini

5 4770 10 4777 ’
92 4775 151 4829 tem
175 4769 225 4827 ubi
249 4770 441 4827 constituerat
467 4769 525 4827 illis
552 4771 639 4827 lesus
667 4771 772 4842 (llotflr.
797 4776 917 4842 xxv111);
973 4771 1174 4829 descenditde
1190 4769 1270 4840 ooelo,
1287 4771 1469 4827 etacecdens
1485 4768 1606 4826 revolvit
1621 4769 1803 4843 lapidem,et

92 4865 204 4928 octavo,
221 4858 425 4928 inooeneou103
443 4858 493 4916 ubi
515 4859 756 4916 recumbentibus
781 4861 917 4918 undecim
972 4859 1050 4916 sedit
1063 4876 1153 4932 super
1165 4875 1244 4930 eum,
1258 4863 1287 4916 et
1301 4859 1386 4926 dixit,
1402 4857 1597 4916 mulieribus:
1614 4882 1628 4910 n
1654 4859 1800 4932 Surrexit,

1 4957 3 4962 '
91 4946 257 5024 discipulis,
274 4953 329 5005 eto.
345 4948 421 5020 (luc.
446 4951 534 5017 xx11);
564 4964 653 5018 nono,
671 4950 791 5020 quando
818 4951 918 5006 eduxit
971 4949 1154 5007 nonosthic
1175 4948 1354 5021 (ilorcxvr).
1373 4949 1800 5024 aSeoundo,quando·ldarla

91 5039 228 5096 undecim
243 5036 405 5111 discipulos
420 5037 497 5093 foras
511 5038 541 5092 in
554 5042 686 5095 montem
698 5036 803 5095 Oliveti
814 5054 917 5098 versus
971 5038 1183 5111 Magdalenain
1194 5040 1419 5095 monumentum
1430 5037 1801 5113 venitetviditduosange·

88 5128 271 5198 Bethaniam,
288 5129 370 5185 eteis
386 5127 556 5184 videntibus
581 5127 716 5184 escondit
742 5126 772 5183 iu
798 5127 915 5186 ooelum.
970 5129 1014 5185 ios
1029 5128 1206 5185 sedentesin
1222 5126 1307 5197 albis,
1324 5144 1416 5183 unum
1433 5128 1469 5184 ad
1486 5132 1586 5202 caput,
1604 5131 1633 5185 et
1647 5144 1740 5185 unum
1761 5128 1799 5186 ad

88 5216 209 5291 Propter
223 5218 277 5275 has
293 5222 390 5274 autern
412 5216 613 5290 apparitiones
640 5215 712 5273 dicit
738 5216 913 5289 Apostolus:
970 5218 1069 5291 pedes,
1085 5215 1276 5290 nbipositum
1288 5215 1383 5273 fuerat
1394 5215 1697 5290 carpentanuspnaa.
1708 5220 1768 5290 xx).
1783 5239 1799 5269 a

88 5326 103 5356 ι(
120 5305 193 5373 Quia
207 5307 289 5365 vlsus
304 5311 350 5363 ast
364 5305 432 5380 plus
442 5322 531 5379 quam
541 5305 713 5379 quingentis
725 5305 914 5365 fratribnssi·
932 5292 956 5359 D
970 5339 1005 5348 -
1021 5330 1035 5358 «
1051 5310 1086 5364 st
1099 5322 1165 5363 eccs
1179 5306 1236 5363 duo
1251 5304 1305 5361 viri
1319 5309 1466 5362 steterunt
1480 5320 1567 5364 secus
1583 5304 1652 5363 illos
1667 5305 1698 5362 in
1720 5309 1800 5364 veste

89 5394 152 5452 mul
168 5396 191 5467 (1
205 5395 265 5453 Cor.
277 5395 336 5468 xv).
353 5395 463 5452 Deinde
481 5394 563 5453 visus
591 5400 637 5452 est
663 5396 783 5453 Jacobo.
812 5397 917 5455 Novis·
969 5395 1106 5470 fulgenti,
1121 5399 1151 5452 et
1164 5393 1303 5452 dixerunt
1318 5394 1354 5452 ad
1368 5393 1452 5453 illos:
1469 5394 1545 5461 Quid
1557 5394 1799 5469 qnaeritisviven·

87 5485 163 5542 sime
177 5488 276 5542 autem
291 5485 425 5543 omniurn
440 5487 582 5561 unquam
598 5485 730 5544 abortivo
759 5485 843 5544 visus
870 5490 916 5546 ast
969 5489 1032 5543 tam
1047 5501 1114 5544 enm
1131 5483 1281 5542 mortnief
1294 5501 1354 5541 non
1369 5491 1414 5542 est
1427 5483 1486 5553 hie,
1503 5484 1554 5542 sed
1571 5484 1699 5542 surrexit
1718 5485 1796 5559 (lac.

84 5572 145 5648 ipsi
158 5572 260 5633 Panlo.
278 5594 293 5626 s
967 5575 1055 5649 ων).
1072 5597 1083 5627 ι
1100 5571 1208 5647 Tertio,
1223 5573 1343 5648 qnando
1357 5572 1514 5633 vumera
1527 5571 1796 5637 inostensam:
