3796 5986
369 239 557 301 bomin.
576 245 617 301 tn
635 244 686 300 vn
706 244 870 305 Pfflabioe
887 246 1092 303 emittam.
1107 273 1144 288 -
1164 245 1263 303 mh
1283 249 1308 302 1.
1637 238 1694 298 ⁹82

70 383 94 424 ur
108 366 178 424 redit
203 381 296 424 caram
321 368 441 424 Domine
456 375 483 424 ct
495 366 558 424 nit:
586 368 653 438 Quia
677 383 729 444 epe
749 386 811 426 eum
824 371 852 440 A
866 372 950 443 juxta
960 372 1039 445 quod
1056 370 1197 429 Dominus
1213 368 1362 444 praecipit:
1384 368 1502 440 Vipilate
1514 371 1542 427 et
1555 376 1643 437 orate,
1654 383 1692 427 ne

70 474 99 514 nc
114 458 183 514 Deus
197 473 284 520 nuuc,
299 461 326 513 et
349 473 409 530 quae
423 456 518 513 domur
532 473 603 529 mea,
633 461 702 530 quia
727 458 812 515 dedu·
867 461 980 518 intretis
993 460 1215 517 intentationem
1230 459 1336 532 (Hectit.
1356 459 1436 531 xxx1)
1464 458 1608 516 Omnibus
1636 476 1690 516 au·

70 562 110 603 me
124 562 210 619 usque
224 544 303 602 tuci
317 546 354 601 Tu
369 544 499 602 reuetaui
512 547 671 602 auriculam
684 551 756 604 serui
770 548 814 605 tui
867 556 925 608 tem
942 551 1043 607 orandi
1060 549 1139 607 horis
1150 548 1480 622 proterturdiiuoulum,
1496 549 1532 604 ds
1542 564 1601 620 quo
1612 547 1691 605 Psal-

70 653 77 691 ι
91 654 101 694 .·
118 641 232 692 Domum
248 635 390 707 edificabo
403 635 456 692 titi
469 644 611 708 propterca
624 634 732 693 inuenit
752 653 812 694 rer·
867 642 955 698 mista
970 641 1085 698 dicebat
1097 658 1104 697 ι
1118 640 1197 708 Deus,
1214 645 1284 697 Deus
1298 656 1377 697 rumis
1399 640 1436 696 ad
1462 643 1490 696 te
1501 639 1535 695 tie
1564 640 1625 697 tuce
1651 639 1690 696 ui-

70 743 112 782 tur
127 741 175 782 cor
189 741 282 795 suum,
298 731 329 781 ut
343 728 467 781 teoraret
480 726 532 781 bac
556 724 681 782 oratione
696 726 732 799 (li
745 727 809 799 ltep.
865 732 922 802 pilo
936 732 1024 800 (Psoi.
1040 735 1120 798 uxrr).
1136 731 1170 785 Et
1180 729 1305 803 Sapiens
1316 734 1497 802 protestatur
1510 745 1517 784 :
1528 732 1634 786 iustus
1643 746 1691 787 cot·

70 814 138 870 ilum
154 815 208 870 etsi
225 813 310 870 bomo
327 813 356 870 in
377 816 509 871 oratione
538 814 643 870 devota
670 813 811 886 loquatur
863 819 1044 876 ruumtrariet
1056 817 1274 888 adripitundum
1286 816 1630 881 diluculaeaellteminum
1641 817 1691 892 qui

69 905 263 961 nibilominus
278 911 376 961 lamen
392 905 422 960 iu
439 905 504 976 ipen
519 905 629 978 puriter
654 912 684 962 et
697 923 732 962 ex
746 906 811 979 ipen
863 908 928 982 [ecit
946 909 1039 976 illum,
1055 915 1081 965 ct
1108 925 1138 964 tn
1162 911 1306 979 compertu
1334 906 1474 964 altissimi
1495 907 1690 979 deprecabitur

71 993 240 1066 mplatiuuis
255 994 392 1066 degustat
408 992 606 1062 derleedinem,
623 996 692 1051 dum
716 996 809 1053 Deum
863 999 964 1070 (baete.
977 1001 1054 1066 xxx).
1072 998 1104 1053 ln
1120 1013 1180 1070 qua
1194 996 1267 1053 bora
1278 996 1382 1066 Jacob,
1398 995 1449 1069 qui
1464 1000 1525 1051 tota
1539 1000 1624 1052 nocte
1638 994 1687 1053 iu·

80 1081 809 1156 presentemdevotusinlueturarator.lnhisau·
863 1087 1150 1144 utatusluerateum
1171 1084 1286 1159 angelo,
1308 1085 1417 1141 meruit
1446 1083 1579 1142 benedici
1608 1083 1685 1156 (Gen.

70 1172 108 1246 [ui
124 1177 236 1229 stantes
252 1177 348 1241 orant,
364 1172 543 1229 desiderium
559 1171 659 1246 patrie
680 1171 808 1230 eoelestis
861 1177 962 1248 miri.

70 1262 204 1333 natur,nd
218 1261 296 1336 quod
310 1261 438 1317 maxime
453 1278 521 1334 spes
536 1278 670 1335 superuis
681 1261 806 1335 promis·
897 1265 976 1322 ticet
990 1268 1088 1321 autem
1104 1264 1135 1321 in
1159 1263 1240 1321 omni
1270 1261 1335 1320 loco
1360 1261 1454 1341 possit
1480 1261 1578 1320 fidelis
1590 1277 1686 1335 orm,

70 1352 214 1415 tinducit.
231 1356 348 1424 propter
375 1350 452 1422 quod
481 1349 531 1407 ille
561 1348 653 1406 dixit.-
682 1353 807 1409 tacetur
861 1353 1181 1426 competentiustamen
1197 1352 1228 1408 in
1243 1350 1425 1426 templo‚in
1439 1350 1511 1420 aiio,
1533 1353 1563 1408 et
1577 1350 1608 1408 in
1636 1367 1685 1409 ea·

70 1440 214 1514 abisquae
227 1441 382 1497 dictamnt
400 1440 475 1496 mitt
496 1441 528 1496 in
558 1439 669 1497 ἀιιιιιιιιι
696 1441 807 1498 llcmt‘ni
860 1444 950 1501 culto.
968 1442 1041 1503 Nam
1057 1441 1377 1516 delemploltominus
1397 1440 1458 1500 ait:
1484 1441 1584 1498 Mutua
1610 1456 1684 1514 mea,

70 1546 95 1599 r,
115 1529 221 1587 Stentet
234 1537 314 1587 erant
327 1529 408 1601 peter
422 1530 511 1586 nostri
537 1528 569 1586 in
582 1530 663 1585 atriis
676 1529 732 1586 tnt't
758 1530 804 1586 lr-
858 1533 955 1592 comae
969 1532 1103 1590 oratorie
1117 1532 1257 1589 vocabitur
1270 1531 1385 1604 (umet.
1400 1530 1471 1605 xri).
1486 1529 1523 1587 nt
1534 1528 1684 1590 salomon:

70 1637 105 1676 tm
122 1620 208 1692 (Psoi.
224 1631 293 1688 m).
309 1620 343 1675 ni
358 1618 485 1691 denique
500 1617 552 1692 qui
564 1618 646 1675 flexis
667 1618 804 1692 genibus,
859 1621 927 1680 Cum
936 1622 1041 1680 emerit
1054 1637 1118 1694 erpo
1131 1635 1158 1678 ct
1169 1621 1292 1678 creauit
1306 1622 1338 1677 in
1352 1620 1409 1677 loco
1423 1619 1488 1686 itta,
1504 1628 1534 1676 tu
1546 1619 1684 1678 mulus

70 1709 184 1782 ipansis
199 1709 336 1766 manibus
350 1712 380 1765 et
389 1706 710 1778 oeuliselevatisorant,
721 1706 802 1764 illam
818 1710 889 1820 Bia
901 1710 977 1781 caio,
993 1710 1121 1777 Domine,
1136 1710 1167 1765 in
1176 1709 1351 1779 firmamento
1362 1705 1519 1765 habitaculi
1532 1708 1584 1778 tui,
1598 1715 1626 1764 et
1635 1711 1681 1781 fu·

70 1803 144 1855 ,ntur
162 1815 228 1870 ques
243 1797 314 1854 dioit
327 1798 358 1854 in
372 1796 520 1855 Cantieis:
534 1796 619 1855 bate
634 1813 676 1853 nae
687 1800 747 1870 poet
760 1802 801 1855 te·
858 1802 914 1858 ciet
924 1800 1019 1857 emnia
1031 1815 1082 1871 pre
1104 1799 1204 1871 quibus
1228 1797 1439 1854 invocaveritis
1465 1797 1518 1869 (itt
1529 1797 1592 1869 itep.
1606 1796 1678 1870 unt).

70 1905 127 1945 mur
142 1890 173 1944 iu
186 1887 269 1945 odore
278 1897 482 1959 unquentorum
496 1894 612 1943 tuorum
625 1886 715 1958 (Cant.
731 1886 763 1959 1).
854 1890 887 1945 ln
902 1886 995 1946 altum
1005 1892 1102 1944 autem
1118 1887 1206 1944 lesus
1221 1886 1372 1943 consuevit
1385 1886 1542 1943 accudere
1557 1887 1594 1943 ad
1611 1902 1678 1943 ora-

70 1995 108 2047 ro,
120 1979 284 2034 seeundum
297 1976 566 2049 exemplaveterum
578 1982 623 2032 ter
632 1981 684 2032 aut
692 1975 800 2048 septies
853 1978 974 2047 tionem,
990 1978 1026 2035 de
1037 1993 1095 2049 quo
1104 1976 1221 2048 legitur,
1236 1976 1314 2049 quod
1323 1974 1488 2033 atceutlitin
1496 1980 1617 2032 monum
1629 1991 1678 2032 eo·

76 2069 293 2124 estorundum.
310 2065 383 2121 Nam
401 2064 502 2121 Daniel
521 2066 658 2137 inpransus
685 2065 798 2123 domurn
853 2067 1193 2136 lurorarcltiattt.xrv).
1223 2066 1350 2138 ideoque
1368 2064 1677 2122 locnmadorandum

75 2166 101 2213 et
114 2157 244 2227 fanestris
266 2153 373 2226 apertis
400 2153 431 2210 in
460 2155 600 2211 cannula
627 2170 676 2211 eno
703 2159 799 2212 cenna
851 2156 1041 2214 commendat
1054 2153 1212 2212 oecultum.
1230 2159 1274 2212 Tu
1295 2160 1399 2219 auten,
1414 2153 1520 2226 inquit,
1536 2170 1600 2211 cum
1614 2169 1678 2212 cra·

70 2247 120 2302 lem
139 2246 229 2302 tribua
256 2243 424 2316 temporibus
446 2246 479 2299 in
497 2243 543 2300 nie
565 2244 690 2315 {tenebat
703 2261 798 2319 penus
852 2247 904 2316 bie,
921 2248 997 2303 intra
1011 2247 1042 2301 in
1057 2244 1214 2301 cubicretum
1227 2243 1453 2300 tuumctcicute
1466 2243 1538 2301 ontio
1559 2259 1609 2300 ora
1622 2245 1679 2300 Pa·

70 2335 207 2403 torreat,
237 2333 470 2404 confitebaturque
492 2349 585 2390 coram
613 2333 727 2390 Domine
743 2338 798 2390 lteo
852 2340 921 2392 trem
935 2341 1016 2391 tuum
1030 2336 1061 2389 in
1077 2332 1244 2401 abscondito,
1260 2335 1286 2389 et
1301 2337 1384 2389 Pater
1398 2335 1462 2389 tuus
1485 2331 1620 2404 quintini
1646 2331 1679 2388 in

70 2432 116 2480 cut
129 2428 156 2479 et
166 2432 248 2479 antec
261 2426 354 2495 [arere
367 2430 543 2479 consueuerat
557 2422 642 2495 (Dan.
659 2422 700 2495 vr)
714 2421 797 2478 Unde
851 2423 1017 2491 abscondito,
1034 2423 1131 2479 reddet
1145 2420 1197 2479 tibi
1212 2421 1304 2493 (loun.
1321 2421 1370 2494 ru).
1385 2421 1458 2478 Nam
1485 2425 1515 2479 et
1541 2420 1678 2479 Christus

70 2513 191 2569 lanista:
210 2514 321 2584 Vespere
335 2515 456 2568 etmnne
474 2515 500 2568 et
524 2510 651 2578 meridie,
676 2511 797 2567 narrabo
851 2514 963 2571 deloco
978 2511 1159 2570 adorationis
1175 2528 1192 2568 a
1207 2508 1331 2567 muliere
1345 2509 1531 2566 Samaritana
1550 2508 1678 2569 inuno·
1798 2536 1801 2541 ·

70 2603 194 2672 unitate,
211 2611 239 2658 et
254 2601 385 2658 exaudiet
398 2616 492 2658 nocem
506 2615 598 2657 meam
625 2601 711 2671 (Paul.
727 2599 795 2672 ιιι).
850 2608 949 2677 gatus,
964 2600 1135 2674 respondit:
1151 2600 1262 2670 liniter,
1287 2599 1367 2656 crebo
1393 2598 1475 2666 miti,
1503 2599 1573 2672 quio
1601 2598 1678 2657 acuit

70 2708 182 2765 quoque
196 2691 271 2748 dixit
285 2693 321 2748 ds
337 2708 369 2748 se
380 2708 391 2749 .·
402 2689 720 2762 Septierindietaurlem
734 2688 797 2746 irai
849 2694 928 2763 tora,
944 2692 1056 2764 quanta
1070 2706 1161 2762 neque
1174 2689 1206 2745 iu
1219 2693 1312 2746 moute
1324 2687 1376 2746 boc
1388 2703 1477 2760 nepus
1490 2688 1521 2745 in
1534 2688 1679 2763 imeretu-

70 2797 120 2854 per
132 2780 240 2853 tannia
255 2780 371 2838 iustitiae
390 2783 448 2838 tuae
464 2780 549 2852 (Prot.
575 2780 684 2852 cxvru).
703 2781 795 2847 Quem
848 2783 903 2838 mir
929 2780 1084 2838 morabitur
1110 2783 1219 2852 patrem
1249 2779 1299 2834 red
1334 2777 1494 2835 oderueree
1521 2777 1678 2836 adambunt

70 2886 129 2927 rum
145 2871 234 2926 etiam
253 2885 331 2926 nune
347 2867 477 2925 Ecclesia
491 2868 521 2924 in
542 2867 622 2924 haris
646 2869 795 2927 canonicis
849 2877 1007 2928 Patremon
1022 2872 1128 2939 spiritu
1142 2869 1298 2925 alacritate
1311 2866 1392 2940 (Prot
1406 2869 1499 2937 unu).
1514 2866 1563 2925 Sin
1577 2882 1677 2941 repro·
1793 2896 1798 2905 ·

70 2965 114 3017 at.
126 2963 180 3016 Ter
193 2958 222 3014 in
238 2957 295 3026 die,
309 2962 428 3030 propter
444 2958 531 3014 iidem
548 2956 706 3014 individua
729 2958 794 3015 'l'ri-
849 2960 924 3017 bans
938 2962 969 3016 et
982 2958 1236 3016 Samaritanorum
1251 2972 1392 3025 errorem,
1408 2960 1458 3029 qui
1473 2955 1676 3015 dicebantnon

70 3054 120 3121 net
130 3048 575 3120 septiesinterdiemetnoetem,
584 3052 704 3121 propter
718 3048 795 3105 dona
850 3065 915 3106 asse
930 3049 1028 3106 locum
1045 3046 1226 3104 adorationis
1238 3045 1294 3104 nisi
1308 3046 1339 3103 in
1353 3046 1493 3118 Gararym
1506 3045 1677 3105 :elindeo-

70 3156 95 3195 rs
112 3136 304 3210 septiformis,
319 3136 370 3210 qui
386 3142 503 3192 orantes
523 3136 552 3192 in
569 3136 626 3192 lide
649 3152 701 3210 per
720 3123 833 3193 donaC
851 3156 928 3209 rum,
945 3139 995 3211 qui
1011 3139 1251 3195 asserebantuon
1267 3152 1332 3194 esse
1347 3133 1444 3193 locum
1458 3136 1560 3192 orandi
1572 3134 1677 3204 Deum,

70 3226 239 3284 liliuminat
252 3231 280 3284 et
295 3225 434 3283 illustrat.
452 3226 561 3282 Verum
578 3225 741 3282 seeundum
753 3238 797 3283 re·
852 3228 908 3285 nisi
922 3228 952 3284 in
967 3226 1144 3284 Jerusalem.
1160 3224 1329 3298 specialiter
1342 3229 1440 3282 tamen
1456 3224 1535 3282 Deus
1551 3224 1580 3280 in
1604 3228 1677 3282 tem·

70 3315 110 3374 ria
124 3316 338 3389 Sripturarum,
356 3319 400 3371 ter
410 3319 457 3372 est
472 3315 617 3372 orandum
643 3316 678 3372 de
702 3320 797 3386 nocte,
851 3317 899 3392 plo
914 3322 960 3375 est
974 3317 1157 3385 adorandus,
1171 3315 1333 3372 seeundum
1350 3313 1423 3371 illud
1437 3313 1573 3371 :llorate
1582 3314 1678 3370 Dorm-

70 3406 167 3478 reipio.
185 3406 213 3461 in
228 3405 326 3462 medio
340 3409 370 3461 et
384 3405 414 3461 in
425 3405 494 3462 fine.
506 3405 544 3462 De
556 3402 699 3476 principio
712 3422 796 3461 nem·
850 3423 919 3462 num
935 3406 965 3462 in
981 3405 1049 3462 aula
1075 3411 1173 3461 sancto
1197 3404 1258 3476 ejus
1280 3404 1356 3475 (Prot
1382 3402 1478 3466 uns).
1506 3400 1677 3475 specialiter

70 3496 103 3553 rit
114 3495 256 3567 propbeta
269 3510 276 3550 :
290 3495 440 3566 centurpe,
451 3493 668 3551 laudadenocte
681 3495 711 3550 ln
720 3494 797 3566 prin·
850 3511 969 3569 quoque
983 3495 1018 3552 ad
1035 3493 1190 3560 orientem,
1206 3493 1283 3550 sieut
1297 3491 1422 3566 legitur:
1439 3492 1482 3549 tc
1497 3495 1591 3549 crtum
1605 3491 1676 3550 lucit

70 3585 217 3656 initiarum
226 3589 350 3652 tuarum,
359 3584 469 3658 effunde
478 3584 551 3640 sicut
561 3588 798 3656 aqucmcortuum
850 3590 953 3658 oportet
966 3585 1085 3641 adorare
1095 3584 1171 3655 (Sep.
1187 3583 1257 3655 xvi),
1274 3586 1307 3637 ut
1321 3581 1407 3638 nobie
1418 3580 1609 3638 adorantibus
1617 3581 1676 3639 Do·

70 3684 217 3747 respectum
237 3672 350 3730 Domini
364 3673 413 3730 Dei
427 3673 638 3745 tuittlrenut.
668 3678 707 3730 De
736 3690 797 3731 me·
851 3675 976 3743 minum,
991 3673 1103 3730 oriatur
1117 3670 1371 3742 lunjustitirenera
1383 3669 1674 3743 quatitaminatom-
1795 3732 1798 3737 ,

70 3765 104 3821 rit
119 3763 296 3820 Psalmiata:
313 3765 409 3820 trenta
425 3767 504 3820 naeu
516 3763 661 3835 carpebam
674 3763 709 3818 ad
729 3779 795 3820 cen·
849 3781 912 3821 nem
927 3763 1066 3821 bominem
1080 3761 1232 3820 uenientem
1246 3760 1364 3817 annana
1377 3760 1513 3816 munium
1524 3760 1614 3831 (toan.
1634 3762 1669 3829 ι).

70 3870 101 3910 ,ιιι
114 3853 169 3910 tibi
181 3853 269 3919 (Psoi.
285 3852 384 3925 cxvrrr)
409 3852 450 3910 De
467 3853 524 3909 line
545 3852 688 3927 propheta
702 3853 795 3910 dixit:
850 3853 1000 3911 Assislunt
1014 3853 1093 3910 enim
1109 3853 1139 3908 in
1156 3852 1248 3909 sacris
1265 3849 1395 3907 basilicis
1410 3849 1506 3924 angeli
1521 3849 1572 3906 Dei
1584 3849 1673 3906 bdeli-

73 3943 312 4014 ditucuto,multa
342 3943 525 4001 eritbertus
556 3943 666 4017 (turm.
682 3948 737 4012 111).
762 3947 797 4000 nt
850 3943 906 4000 bus
921 3943 1123 4012 adorantibus,
1139 3941 1306 3998 uidevotas
1321 3955 1422 3997 eorum
1439 3939 1588 3997 orationes
1603 3939 1674 3997 oile-

69 4034 220 4109 ographus
236 4035 277 4090 ait
289 4051 295 4088 :
309 4035 392 4091 llane
406 4032 498 4091 oratio
517 4050 577 4091 meo
590 4036 744 4107 praeveniet
771 4042 797 4090 te
850 4038 916 4090 rant
931 4038 999 4099 Deo,
1017 4032 1180 4089 seeundum
1195 4029 1287 4087 illud:
1307 4031 1341 4086 ln
1354 4029 1675 4102 conspectuaupetorum

71 4125 204 4185 annunt.
222 4123 259 4182 Ut
272 4124 315 4181 sic
328 4123 424 4180 fidelis
438 4122 579 4180 animuin
590 4123 721 4180 oratione
732 4139 796 4197 per·
848 4122 968 4194 psallum
982 4122 1046 4190 tibi,
1061 4126 1139 4177 Deus
1153 4135 1247 4185 meua,
1262 4118 1380 4175 adorabo
1394 4117 1429 4174 all
1450 4118 1582 4190 templum
1607 4133 1674 4174 ean·

70 4217 191 4286 ,eontra
205 4212 383 4271 tentationes
403 4211 570 4285 principum
593 4212 793 4282 tenebrarum,
849 4220 924 4269 ctum
938 4214 1017 4267 tuum
1031 4213 1056 4267 ct
1071 4208 1219 4280 uniretur
1232 4205 1342 4264 nomini
1359 4209 1407 4264 tuo
1420 4205 1507 4277 (Prot.
1537 4205 1674 4282 auru).

70 4530 89 4578 ,ι
103 4512 197 4597 primi
211 4512 327 4577 Psalmi
344 4509 569 4595 poenitentialis
583 4511 656 4575 talis
669 4514 717 4575 est
735 4531 742 4576 :
758 4509 903 4653 lnfiflnteim
917 4512 1061 4573 Paatmue
1076 4508 1182 4571 Dauid
1190 4525 1251 4588 pro
1266 4513 1382 4569 ortana.
1401 4538 1441 4559 -ι-
1464 4504 1562 4571 'litati
1576 4505 1673 4591 hujus

725 4610 787 4672 exp
812 4609 849 4654 ea
875 4610 906 4653 ο.

70 4901 75 4941 ι
90 4897 178 4942 omne
193 4885 319 4956 tempus,
335 4883 447 4952 septem
471 4876 586 4936 dierum
616 4876 790 4951 repetitione
804 4878 829 4946 D
844 4877 920 4934 duas
935 4874 1021 4947 nitas,
1037 4891 1090 4950 per
1104 4875 1303 4949 septenarium
1327 4875 1507 4951 designatas,
1524 4877 1672 4946 succedet,

70 4976 112 5041 al,
129 4989 181 5046 per
195 4976 295 5029 octava
318 4968 494 5043 intelligitur
513 4967 577 5025 dies
603 4966 718 5036 ultima,
746 4983 792 5024 re·
848 4966 931 5023 Siout
945 4963 1025 5022 euim
1041 4965 1106 5022 duas
1120 4968 1191 5022 sunt
1204 4963 1335 5022 hominis
1351 4969 1460 5038 partes,
1469 4964 1602 5021 'exterior
1616 4965 1674 5023 sni·

72 5057 644 5132 tionisvidelicetetjudieii,presignata
653 5055 793 5130 peritiam
849 5055 928 5121 licat,
944 5070 1009 5127 quas
1023 5058 1069 5111 est
1092 5069 1200 5127 eorpus
1215 5058 1246 5113 et
1261 5052 1394 5126 interior,
1422 5068 1487 5126 qua
1513 5056 1559 5109 est
1586 5052 1675 5127 spirl-

70 5149 204 5209 coitionis
230 5154 375 5206 octavum.
393 5148 448 5215 Qui
463 5147 522 5204 alia
546 5162 664 5220 quoque
682 5147 794 5203 ratione
848 5148 917 5201 tua:
934 5143 976 5200 ita
989 5143 1053 5201 (luae
1068 5147 1138 5201 sunt
1153 5143 1218 5215 ejus
1246 5143 1321 5212 vita,
1346 5158 1406 5200 una
1420 5138 1591 5214 corporalis.
1616 5158 1677 5216 qua

70 5243 252 5303 eructatus,
267 5237 345 5310 quod
361 5236 482 5305 scilicet,
495 5240 561 5308 pest
575 5240 688 5308 septem
703 5233 794 5305 hujus
848 5250 954 5304 carpus
968 5232 1049 5299 vluit,
1066 5237 1095 5288 et
1109 5230 1167 5288 alia
1182 5230 1357 5305 spiritualis,
1374 5245 1433 5302 qua
1446 5229 1545 5286 aalma
1558 5228 1676 5291 vivitex

84 5332 197 5395 etates,
213 5325 349 5384 suecedet
365 5329 466 5382 octava
480 5324 697 5398 quiescentium
725 5339 793 5380 eum
848 5322 918 5380 Deo.
935 5322 983 5379 Ha
998 5322 1063 5378 due
1079 5320 1143 5376 uite
1160 5338 1212 5393 per
1239 5317 1437 5393 septenarium
1468 5317 1672 5392 designantur,

70 5414 262 5474 militantium
275 5418 477 5481 concurrente,
493 5429 557 5486 que
568 5413 701 5486 inprime
712 5411 793 5469 ines·
849 5416 968 5485 propter
981 5411 1054 5467 duna
1070 5408 1281 5482 partecipaius‚
1298 5407 1530 5481 quaternarium,
1545 5406 1597 5483 qui
1625 5426 1674 5468 re-

70 5510 163 5575 tentu,
177 5510 311 5578 eiusque
324 5503 361 5562 ad
376 5502 514 5559 ultimum
530 5501 709 5577 perdurabit.
725 5502 794 5560 Ideo
849 5502 942 5558 iertnr
955 5499 993 5557 ad
1008 5516 1125 5573 corpus,
1142 5505 1261 5574 propter
1281 5506 1409 5571 quatuor
1426 5495 1580 5567 elementa,
1595 5498 1675 5558 vide·

73 5591 445 5677 peroeteuamdiesjudieii
455 5591 795 5668 designatur,quiapoet
848 5590 917 5687 ticet
930 5593 1050 5663 ιιιιιιιι,
1065 5589 1177 5664 ignem,
1192 5604 1288 5647 aerem
1302 5593 1332 5648 et
1349 5604 1471 5664 aquam,
1499 5604 1534 5677 ex
1561 5586 1672 5665 quibua
