3796 5986
88 230 147 288 ara
613 229 737 286 annuo
754 232 790 296 x,
810 229 988 287 numurus
1005 233 1042 286 nv
1061 232 1281 294 anrrusoue.
1745 266 1797 323 354

88 356 127 411 de
142 353 229 411 mulis
243 353 414 411 transilmut
428 353 464 410 sd
480 351 620 426 pessima.
637 352 721 409 Beati
733 369 851 427 quoque
867 352 918 425 qui
933 358 959 425 Α
974 358 1004 411 et
1015 354 1173 427 Apostolus
1183 357 1370 421 inhonestam
1385 372 1414 425 et
1426 370 1559 433 inutilem
1576 387 1799 457 ououpationem

84 447 196 519 Jugnm
206 443 314 500 christi
323 446 451 516 portent,
463 442 541 515 quod
558 445 604 499 eat
614 457 702 514 grave
717 442 748 498 in
763 440 920 516 prinoipio,
974 443 1005 499 in
1020 444 1409 516 epistolaedooentevitere:
1427 480 1442 510 a
1457 461 1592 536 Nesoitis,
1604 470 1700 544 inquit
1721 481 1801 550 qnod

89 537 143 594 sed
158 552 277 608 semper
293 535 324 591 in
339 535 397 591 tine
411 550 510 590 suave.
528 532 626 591 ldiseri
648 549 717 590 vero
734 532 785 605 qui
809 533 919 606 iugum
975 532 1004 589 hi
1020 533 1070 606 qui
1086 533 1115 589 in
1132 536 1228 594 stadio
1253 549 1384 615 currunt,
1402 564 1504 609 omnes
1528 555 1646 628 quidem
1661 519 1787 626 oulrung

90 625 203 682 diaboli
219 628 346 698 portant,
364 625 442 699 quod
467 639 555 680 suevo
578 628 624 680 est
638 621 670 678 in
696 622 852 696 principio,
869 622 920 679 sed
974 622 1024 678 sed
1042 639 1119 680 unus
1132 626 1402 699 ancipitbravium:
1418 639 1593 718 Sioourrite,
1611 654 1643 706 ut
1660 611 1800 728 eumpse-⁹
1882 704 1884 708 .

90 716 123 771 in
147 715 205 771 tine
220 731 337 788 semper
359 718 404 771 est
428 729 524 785 greve.
551 712 632 768 Hsno
660 716 759 769 autem
783 711 920 769 humanae
974 709 1121 768 hendatis.
1138 715 1196 785 ligo
1211 722 1308 775 antem
1320 723 1363 779 sio
1375 741 1470 799 curro,
1483 748 1540 790 nun
1557 740 1641 808 quusi
1656 740 1687 798 in
1701 743 1794 804 ineer-

90 803 272 862 oonditionis
287 803 439 860 miseriam
454 800 622 859 considerat
636 806 665 858 et
675 800 809 873 deplorat
822 799 921 858 linoln·
974 803 1055 870 turu3
1071 801 1114 858 sio
1124 820 1232 878 pugno,
1246 825 1303 865 non
1318 814 1402 883 qussi
1413 833 1509 877 serem
1524 827 1683 888 verberans
1707 855 1722 885 s
1739 840 1784 893 eto

90 893 149 962 sie,
162 910 284 967 gemeus
299 896 328 950 et
343 893 508 965 lusrymuns
524 891 559 948 sd
575 889 743 957 introitum,
768 906 835 945 oum
851 905 920 963 pro-
973 888 997 960 (l
1009 889 1070 948 Cor.
1095 896 1147 962 ιι.)
1163 893 1242 951 luter
1265 897 1373 971 jugum
1401 909 1431 962 et
1442 908 1549 982 jugum
1577 873 1721 990 ρωρὴθίι
1751 879 1797 981 di:

90 982 182 1056 pheta
196 980 483 1056 lugensetreoulens
494 978 611 1052 lspsum
633 977 817 1035 humanum:
833 997 843 1026 ι
857 978 920 1035 Cir·
973 980 1098 1053 stinguit
1112 981 1142 1036 in
1166 986 1281 1042 trnotu:
1299 1009 1313 1039 «
1335 991 1376 1046 De
1390 995 1545 1066 profundis
1562 1001 1684 1065 olamavi
1703 1013 1739 1067 ια
1757 1017 1787 1070 ιθ

89 1073 307 1129 enmdederunt
322 1087 379 1136 me,
395 1068 502 1142 inquit,
513 1067 642 1141 gemitus
667 1065 783 1135 mortis,
804 1065 920 1124 dolores
975 1068 1105 1139 Domine,
1120 1069 1254 1142 Domine,
1269 1078 1374 1135 exeudi
1390 1097 1489 1142 vooem
1516 1105 1623 1150 meum.
1639 1096 1670 1152 Si
1686 1054 1797 1173 iniqui:

89 1160 199 1218 interni
214 1160 473 1217 circumdederunt
486 1173 532 1214 me
549 1157 638 1228 (Prot.
654 1156 743 1229 cxw).
764 1177 779 1206 »
796 1155 837 1212 Ne
851 1170 920 1213 vero
972 1160 1046 1213 tutes
1056 1159 1266 1229 observaveris,
1277 1165 1409 1241 Domine,
1421 1172 1555 1250 Domine,
1567 1183 1633 1254 quis
1650 1188 1799 1248 substine-

90 1248 517 1324 praenimioduloredesperet,
529 1246 630 1302 statim
642 1245 672 1301 in
683 1243 816 1319 graduali
832 1244 921 1302 miss·
973 1246 1040 1302 biti
1052 1246 1140 1318 (Prot.
1164 1255 1272 1323 cxxix.)
1293 1252 1362 1314 Eone
1379 1260 1487 1335 jugum
1512 1267 1621 1328 dioboli
1646 1291 1734 1348 gravo
1761 1279 1799 1337 ds

90 1339 251 1396 rioordism
261 1334 642 1395 commemorntGonditoris
652 1350 678 1389 :u
687 1333 921 1406 Auditor,inquit
974 1351 1032 1406 quo
1043 1334 1152 1393 dieitur
1162 1355 1213 1412 per
1227 1343 1400 1415 prophetem
1413 1366 1419 1404 :
1433 1373 1447 1401 ι(
1458 1356 1648 1428 computruit
1661 1323 1768 1438 jugu’m
1781 1384 1799 1424 a

91 1430 123 1487 in
134 1428 419 1503 opportunitatibus,
429 1425 459 1481 in
470 1424 658 1480 tribulatione
668 1421 921 1497 spereutintequi
976 1424 1048 1481 ineis
1064 1425 1131 1493 olei,
1147 1449 1162 1477 a
1187 1430 1265 1487 unde
1287 1448 1354 1491 mox
1373 1439 1529 1500 sumum:
1551 1465 1562 1496 ,
1589 1449 1663 1516 Quin
1676 1456 1753 1526 apud
1769 1460 1798 1513 te

92 1520 480 1583 noveruntnomsutuuru3
497 1515 638 1587 quonium
660 1529 718 1570 nun
738 1510 921 1584 dereliquisti
975 1514 1142 1586 propitiatio
1156 1524 1210 1585 est,
1225 1524 1254 1576 st
1269 1529 1387 1596 propter
1401 1528 1494 1602 legem
1515 1539 1596 1593 tuam
1612 1542 1788 1603 ,minum
1882 1568 1884 1573 .

93 1611 271 1683 querentes.
288 1602 628 1675 eonominelrsatmx).
646 1624 660 1652 »ι
975 1599 1099 1660 Domine
1123 1605 1185 1674 llas.
1210 1607 1250 1680 ι).
1276 1612 1348 1668 Eece
1367 1615 1474 1690 jugum
1503 1624 1614 1682 Christi
1636 1645 1725 1688 suove
1763 1587 1822 1690 de-

128 1697 356 1770 Oueupsiionem
368 1697 466 1752 autem
481 1692 638 1749 honestam
653 1695 682 1748 et
696 1691 797 1749 utilem
820 1689 923 1747 Dumi-
937 1744 961 1810 B
977 1707 1035 1763 quo
1050 1692 1165 1750 Veritus
1179 1694 1294 1768 inquit:
1310 1722 1325 1750 ι
1349 1703 1457 1777 ,iugum
1473 1725 1571 1770 meum
1587 1731 1677 1776 ,um
1699 1673 1754 1792 0⁸2,
1769 1726 1801 1780 οι

92 1805 152 1845 nus
175 1787 289 1845 indicat
311 1786 341 1842 in
364 1781 531 1856 Evangelio,
557 1782 726 1839 conducens
750 1780 780 1837 iu
805 1780 921 1837 vineam
977 1796 1052 1836 rinus
1067 1797 1164 1838 meum
1180 1782 1362 1858 levefflottt.
1378 1794 1429 1866 ιι).
1444 1818 1459 1845 »

92 1875 255 1952 operarios,
279 1878 312 1932 ut
331 1873 434 1931 reddat
457 1871 518 1929 illis
533 1871 697 1928 mercedem
720 1869 832 1943 (Haut.
846 1869 921 1942 xr);

842 2185 990 2253 SERMO
1011 2187 1050 2254 x.

735 2357 771 2414 lu
804 2353 925 2411 neuun
943 2353 1131 2417 ιιοιιιιιιοι.

131 2710 279 2768 Similem!
289 2725 405 2782 repaom
420 2706 554 2764 culorum
573 2701 685 2759 nomint
705 2693 921 2770 patrifamilias,
977 2693 1211 2770 distinguuntur.
1228 2705 1275 2763 Sis
1290 2709 1333 2767 sol
1357 2712 1452 2784 primo
1468 2732 1555 2775 mnne
1580 2737 1674 2794 usque
1688 2725 1724 2780 sd
1740 2727 1800 2783 ter·

95 2802 145 2874 put
161 2802 258 2856 exiens
284 2800 374 2872 primo
399 2812 480 2853 mnus
506 2790 639 2851 conduxit
660 2787 801 2861 operarios
821 2785 852 2839 in
878 2783 922 2837 vi·
977 2782 1049 2839 tium
1065 2784 1168 2845 horem
1185 2795 1273 2867 tepet,
1289 2816 1306 2854 n
1320 2801 1407 2858 tertis
1423 2821 1516 2877 usque
1536 2809 1572 2864 ud
1586 2815 1700 2868 sextam
1714 2812 1799 2884 ualet,

95 2906 183 2947 neom
197 2905 280 2946 suum
299 2886 402 2960 (lluttlr.
419 2885 477 2957 ιι).
977 2879 1090 2932 usuale
1114 2896 1208 2953 usque
1222 2886 1258 2941 ad
1281 2904 1385 2947 novum
1410 2893 1511 2965 fervet,
1527 2901 1556 2953 et
1578 2903 1697 2958 extunc
1721 2902 1802 2960 salop

131 2983 199 3036 Heu
214 2976 363 3053 parabola,
380 2975 484 3032 iratres
497 2969 676 3040 charissimi,
702 2970 745 3024 set
761 2963 847 3039 plene
863 2976 921 3018 non
976 2964 1166 3026 remittitura
1183 2988 1259 3031 nunu
1275 2992 1368 3049 usque
1383 2982 1419 3037 ed
1436 2985 1633 3060 undecimam,
1650 2993 1679 3046 et
1692 2992 1729 3047 ab
1745 3008 1800 3049 un·
1849 2970 1853 2979 ¹

94 3075 219 3138 terrore,
233 3069 285 3124 sed
302 3066 427 3141 pietate;
444 3081 501 3122 non
525 3059 741 3134 desperatione,
761 3056 811 3112 aed
827 3050 921 3111 oonli·
975 3051 1089 3113 decima
1104 3073 1198 3132 usque
1209 3078 1285 3136 sero,
1301 3068 1391 3125 donec
1406 3071 1450 3128 sol
1465 3072 1553 3132 leniat
1582 3093 1741 3137 eoeneum:
1756 3080 1809 3139 itn'

95 3158 194 3217 dentis
208 3175 216 3216 ε
231 3174 290 3214 nou
301 3155 500 3213 amaritudine
510 3152 561 3209 ssd
574 3150 693 3206 dulcore
706 3165 713 3216 ;
725 3162 783 3203 nou
797 3142 852 3211 ira,
868 3139 919 3197 sed
935 3119 957 3189 G
976 3141 1056 3198 oalor
1078 3149 1222 3208 naturalis
1239 3151 1268 3208 in
1291 3158 1418 3227 pueritia
1442 3166 1531 3235 tepet,
1547 3164 1576 3221 in
1602 3167 1799 3229 adolescenti.

97 3251 214 3322 grntin3
232 3263 288 3303 ¹¹⁰ss
304 3246 380 3313 0de
395 3245 445 3300 Sed
471 3258 578 3299 amre·
596 3238 670 3305 Ouia
682 3237 751 3293 licet
764 3232 850 3290 mulli
863 3229 924 3328 sint
977 3231 1062 3301 oslet,
1078 3235 1275 3308 injuventute
1290 3245 1390 3314 servet,
1406 3254 1434 3305 et
1447 3257 1553 3309 estune
1577 3256 1737 3315 remittitur
1749 3276 1799 3316 us·
1865 3238 1871 3272 ⁵

101 3333 484 3406 locuitpaucioerostsrti,
507 3333 623 3404 suerunt
652 3336 742 3385 tamen
776 3322 924 3379 novissime
979 3337 1035 3392 que
1051 3323 1080 3379 iu
1096 3333 1275 3389 senectutem
1292 3340 1320 3390 et
1344 3337 1469 3406 sunium,
1493 3341 1584 3399 donec
1604 3344 1692 3403 homo
1707 3347 1801 3421 vergit

100 3427 201 3501 primi.
216 3426 258 3484 Ne
272 3424 340 3499 quis
350 3440 417 3496 ergo
433 3423 577 3495 desperet,
590 3416 657 3491 quia
671 3416 721 3473 diu
738 3412 923 3480 multumque
978 3409 1008 3464 in
1034 3419 1168 3473 mortem.
1194 3420 1245 3475 list
1268 3438 1335 3493 ergo
1360 3427 1583 3498 peterlnmilins,
1609 3432 1688 3490 Deua
1715 3439 1801 3493 Peior

102 3514 244 3590 pernovit,
260 3512 426 3571 misericors
441 3511 528 3582 Deus,
546 3508 616 3582 qnia
636 3504 783 3563 neminem
799 3499 863 3557 vult
877 3514 925 3572 pe·
978 3499 1119 3560 universae
1142 3507 1275 3566 eonditor
1297 3519 1447 3584 orsuturu,
1473 3518 1522 3589 qui
1547 3525 1699 3579 creaturus
1728 3540 1800 3582 suas
1845 3568 1848 3575 .

100 3606 159 3662 rire
169 3605 205 3660 de
215 3603 296 3661 omni
307 3606 402 3669 utute,
414 3599 488 3657 elios
499 3599 536 3655 ad
552 3597 598 3654 sui
615 3588 862 3652 uultumaddndit
874 3603 924 3643 vo·
979 3589 1119 3663 disponit,
1135 3598 1164 3649 et
1177 3598 1251 3669 regit
1273 3599 1302 3655 in
1319 3601 1416 3660 domo.
1441 3605 1494 3662 flio
1518 3608 1612 3680 primo
1629 3626 1714 3668 mane
1731 3611 1801 3671 exiit

100 3710 174 3750 oens
187 3693 224 3749 ed
239 3692 355 3749 vineam
370 3689 513 3763 quosdam
530 3687 559 3743 in
575 3683 710 3759 pueritia,
734 3678 877 3752 quosdam
894 3676 924 3731 in
978 3680 1300 3756 conducereupernrios
1315 3691 1344 3745 in
1356 3692 1470 3749 vineam
1486 3710 1647 3755 susmoum
1658 3698 1689 3756 iu
1705 3700 1802 3774 primu

99 3780 311 3848 adnleseentia,
328 3780 472 3853 quosdam
488 3777 517 3833 in
539 3776 707 3847 juventule,
733 3768 879 3843 quosdam
894 3764 924 3820 iu
979 3772 1061 3825 utare
1077 3788 1166 3845 puero
1190 3777 1288 3848 gretie
1303 3796 1364 3836 suae
1380 3798 1475 3840 rorem
1504 3785 1645 3859 iniundit,
1660 3792 1690 3844 et
1704 3789 1733 3846 in
1751 3790 1802 3847 Ec.

98 3875 260 3942 senectute,
276 3869 421 3943 quosdam
440 3867 470 3923 in
486 3866 580 3933 senio,
605 3862 714 3937 quibus
726 3858 757 3914 iu
774 3852 925 3914 communi
979 3857 1067 3916 etesia
1082 3877 1137 3918 sua
1153 3862 1276 3923 fideliter
1290 3876 1437 3942 operetur.
1448 3872 1541 3931 Vinon
1553 3878 1804 3950 numqneDomini

98 3980 150 4036 pro
167 3960 272 4018 merito
297 3957 452 4031 temporali
476 3957 577 4013 reddet
600 3951 753 4027 prumiam
769 3945 926 4020 sempiter·
980 3949 1107 4006 Ssbnoth
1121 3953 1227 4011 domus
1252 3960 1339 4015 lsrael
1364 3966 1418 4028 est,
1444 3961 1473 4017 in
1490 3962 1544 4021 hae
1566 3965 1649 4022 vinea
1675 3967 1745 4024 vitis
1759 3970 1805 4024 est

102 4068 183 4108 uum.
200 4050 238 4107 Ut
248 4054 346 4108 autem
357 4047 506 4106 elfiosoius
517 4049 629 4102 revocet
638 4044 805 4115 psoontores
820 4036 926 4093 nvitiis
979 4039 1124 4109 Christus,
1140 4048 1169 4099 et
1188 4043 1323 4114 palmites
1346 4053 1415 4104 sunt
1437 4051 1547 4107 fideles.
1565 4076 1579 4103 ι
1596 4053 1680 4111 sicut
1704 4060 1803 4112 autem

98 4142 134 4196 ed
162 4140 299 4204 virtutes,
326 4153 402 4210 supe
430 4135 544 4192 tordius
571 4131 720 4190 venientes
757 4127 927 4183 remuneret
982 4128 1803 4216 pulmesnonpotestiaoereiruotumasemetipsu,nlsi
1877 4150 1884 4159 “

98 4245 192 4303 eque.
208 4227 245 4285 Ut
259 4244 339 4295 uum,
355 4227 398 4283 illi
421 4226 471 4299 qui
487 4224 697 4281 convertuntur
720 4217 751 4272 in
777 4217 927 4271 senectute
982 4219 1122 4275 rennuerit
1135 4221 1168 4275 in
1189 4223 1256 4290 vite,
1281 4224 1324 4280 sio
1346 4242 1399 4283 neo
1422 4226 1532 4297 fideles,
1558 4230 1615 4286 nisi
1640 4230 1670 4286 iu
1684 4231 1803 4288 Christo

99 4317 144 4375 vel
158 4317 189 4374 in
204 4317 297 4386 senio,
312 4317 394 4388 prius
409 4318 550 4371 vocantur
564 4314 600 4371 sd
625 4312 760 4387 gloriam,
785 4326 873 4384 quum
896 4308 927 4365 hi
982 4308 1154 4364 manserint.
1170 4311 1222 4376 Qui
1239 4328 1306 4369 vero
1322 4320 1423 4371 manet
1437 4316 1466 4372 in
1481 4332 1526 4389 eo,
1538 4317 1584 4374 hio
1597 4320 1649 4375 lert
1674 4319 1803 4379 lruotum

98 4406 195 4480 quiin
212 4407 341 4481 pueritia
362 4408 583 4462 convertuntur.
611 4401 664 4468 Qui
688 4399 826 4475 quoniam
843 4415 926 4472 aeque
981 4396 1121 4466 multum,
1138 4400 1280 4470 quiasine
1295 4402 1359 4475 ipso
1374 4403 1450 4459 nihil
1463 4411 1558 4479 potest
1573 4408 1677 4466 tenere.
1692 4408 1723 4466 Si
1736 4410 1804 4481 quis
1854 4414 1877 4431 '·

96 4496 237 4570 diligunt,
249 4512 332 4569 eque
344 4498 530 4553 merenturet
541 4493 567 4550 si
583 4492 839 4559 minuslaborant;
850 4506 921 4562 qno·
939 4485 962 4552 D
976 4490 1075 4541 autem
1092 4487 1120 4542 in
1137 4487 1201 4560 ipso
1214 4507 1271 4547 nun
1284 4497 1391 4560 munet,
1409 4493 1542 4551 mittetur
1553 4497 1632 4553 suras
1648 4497 1724 4555 siout
1739 4498 1805 4574 pul·

96 4587 179 4643 nium
193 4585 238 4643 vis
254 4584 385 4642 merendi
411 4602 469 4642 non
485 4600 574 4658 penes
601 4582 743 4651 laborem,
764 4581 815 4637 sed
832 4596 922 4652 penes
979 4591 1052 4643 mes,
1068 4580 1096 4633 et
1111 4583 1233 4646 arescet,
1244 4584 1272 4635 et
1287 4580 1425 4654 colligent
1438 4599 1516 4653 eum,
1528 4589 1557 4642 et
1569 4586 1599 4641 in
1621 4586 1717 4660 ignem
1733 4589 1804 4645 mit·

97 4675 273 4733 charitatem
290 4674 399 4732 existit.
411 4670 626 4731 Paterfamilias
641 4672 671 4728 in
687 4670 742 4728 hoo
756 4670 820 4727 loeo
835 4668 923 4726 intel-
978 4668 1041 4720 tent
1055 4670 1083 4722 ot
1098 4667 1182 4723 undet
1196 4670 1286 4740 (loon.
1302 4671 1379 4744 xvi»

97 4764 201 4837 ligitur
215 4763 294 4821 Deus
310 4767 412 4835 pster;
427 4761 523 4829 vinee,
533 4759 673 4827 Ecclesia,
684 4757 822 4831 operarii,
835 4756 921 4829 justi.
1013 4754 1142 4826 Euroram
1165 4760 1257 4812 uatem
1276 4757 1351 4814 circu
1365 4759 1464 4816 torum
1488 4762 1610 4834 tertium,
1631 4764 1700 4819 vidit
1722 4763 1797 4821 otior

97 4854 258 4911 Conventio
274 4854 353 4909 touta
367 4850 509 4925 operariis
524 4867 560 4907 ex
582 4849 704 4906 denario
719 4847 836 4916 diurno,
853 4863 921 4920 pro·
977 4846 1081 4900 stantes
1095 4846 1126 4900 in
1137 4847 1197 4917 soro
1212 4850 1324 4917 otiosos,
1340 4854 1367 4905 et
1380 4848 1449 4905 (licit
1461 4850 1537 4906 iltis:
1567 4852 1607 4908 lte
1618 4857 1644 4908 et
1659 4868 1706 4909 vos
1716 4854 1747 4908 ia
1759 4853 1800 4909 vi·

97 4935 924 5013 missioinotsjustisdepremiosempitsrno.0uinque
977 4949 1061 4988 neom
1075 4935 1704 5011 meumstquodjostomfusrit,duboootis.
1721 4940 1799 4998 Deus
1855 4938 1858 4943 '

98 5031 188 5100 hora,
204 5032 337 5105 quinque
356 5034 457 5087 retutee
468 5029 695 5102 intelliguntur:
722 5042 808 5083 mnne
822 5023 924 5099 pueri·
977 5022 1085 5096 quippe
1097 5024 1233 5081 fidelibus
1248 5026 1311 5082 sois
1326 5044 1386 5084 non
1401 5027 1496 5085 sulum
1513 5029 1589 5100 quud
1611 5029 1728 5099 justum
1744 5033 1801 5101 eat,
1818 5041 1821 5045 ’

98 5119 151 5188 tis,
163 5120 250 5177 tertia
258 5119 466 5188 adnleseentia,
481 5122 564 5176 sexta
578 5117 732 5189 iuventus,
745 5132 824 5173 nonu
836 5129 923 5171 sene·
978 5113 1089 5183 reddet,
1103 5130 1204 5171 verum
1220 5113 1308 5172 etiem
1329 5133 1418 5188 supru
1443 5133 1531 5189 quam
1544 5117 1660 5187 justum
1677 5122 1734 5187 est,
1750 5119 1800 5177 do·

98 5213 177 5276 otus,
201 5210 356 5267 undecima
370 5209 496 5280 senium,
521 5206 604 5265 etita
619 5223 683 5264 seru
698 5210 745 5263 est
766 5205 833 5261 linis
846 5203 921 5260 vite.
977 5207 1047 5271 nnt;
1063 5203 1164 5275 quis«
1187 5221 1245 5261 non
1269 5210 1340 5262 sunt
1360 5205 1511 5278 condignas
1533 5204 1685 5277 passiones
1710 5207 1801 5282 hrvjus

97 5298 206 5355 Forum
221 5303 321 5356 eutem
332 5297 526 5356 sstsoeoulum
538 5314 546 5366 ;
558 5296 656 5364 otiosi,
666 5295 793 5366 desides,
807 5292 923 5366 pondus
976 5293 1118 5365 temporis
1134 5294 1311 5351 adiuturam
1336 5295 1459 5368 gloriam
1484 5310 1548 5365 quse
1571 5294 1749 5353 revelabitur
1773 5298 1802 5354 iu

97 5391 242 5459 etesius,
263 5385 389 5444 laboret
412 5385 600 5455 eullloitudo;
625 5388 797 5460 procurator
818 5383 923 5453 vinea,
976 5381 1062 5437 nobis
1072 5382 1161 5455 (Rom.
1177 5385 1252 5456 ιιιι).
1263 5405 1278 5434 »
1290 5384 1412 5456 Semper
1425 5399 1493 5439 eum
1519 5389 1691 5467 remunerat
1714 5403 1804 5460 sopra
1859 5420 1871 5457 ι.

99 5478 190 5536 homo
204 5477 446 5536 Christnslesus.
976 5470 1126 5542 meritum,
1143 5473 1256 5529 etoitra
1271 5471 1376 5528 merita
1404 5471 1498 5545 punit.
1523 5472 1563 5530 De
1585 5474 1691 5547 primis
1704 5479 1803 5533 autem
1852 5516 1856 5521 -

136 5570 271 5641 Congrue
286 5582 352 5626 vero
363 5582 416 5640 per
429 5566 484 5624 has
502 5565 591 5624 hores
606 5565 663 5622 diei
678 5568 778 5622 states
793 5561 923 5622 hominis
976 5578 1035 5618 non
1051 5561 1160 5618 dieitur
1170 5562 1249 5633 quod
1266 5561 1376 5618 luerint
1390 5561 1488 5634 otiosi,
1501 5563 1643 5635 quonism
1658 5568 1726 5622 aute
1736 5580 1795 5636 pue
