3796 5986
10 278 28 313 ,ἲ

54 152 125 211 781·
449 156 498 212 ΒΕ
516 155 634 212 8ΔοΒο
655 155 809 212 munais
827 154 1011 213 dumento
1029 158 1126 214 Lisai
1144 159 1224 214 SEX.
1240 186 1275 198 -
1289 159 1357 214 LIB.
1375 162 1399 216 1.
1720 157 1789 251 ⁷⁸²:

52 282 89 337 et
106 278 243 337 baculus.
261 279 335 344 Quis
351 279 452 336 munia
463 293 566 335 novem
581 280 695 347 suntin
708 279 817 352 quibus
829 295 890 351 spe·
907 282 934 348 Α
949 284 1131 353 contextum,
1148 283 1213 340 siue
1228 283 1365 353 manicis,
1381 283 1417 340 ad
1442 283 1563 340 modum
1588 281 1705 356 colobii,
1719 283 1774 343 ha·

10 382 18 404 ³
54 368 151 428 cialis
167 371 375 442 opiscoporum
392 374 523 442 potestus
539 367 894 437 consistit,ridelicetcle·
947 370 1020 428 bens
1036 377 1204 445 aperturam
1220 372 1249 429 in
1266 377 1382 446 pectore
1402 373 1559 445 quadram,
1575 374 1611 431 ad
1626 374 1774 447 magnitu-

10 459 14 493 l

10 552 25 588 ²
53 562 250 614 consecrare,
268 564 375 605 manue
398 548 560 620 imponere,
586 547 724 605 basilicas
747 549 893 616 dedicare,
947 551 1077 608 rebatur.
1094 555 1126 609 ln
1141 553 1227 624 cujus
1242 556 1324 626 parte
1342 551 1499 625 superiori,
1525 551 1660 609 videlicet
1684 568 1774 625 super
1879 586 1882 591 ·

53 458 142 517 ricos
175 460 322 527 ordinare,
357 460 484 532 virgines
519 459 702 527 benedicere,
739 458 893 532 pontifices
946 461 1047 518 dinem
1064 461 1268 536 palmi,inqua
1282 459 1378 539 λόγιον
1391 463 1525 534 ejusdem
1542 464 1771 522 mensurainso

12 642 26 677 Ξ
54 638 271 711 degradandos
286 639 442 711 deponere,
458 638 586 708 synodos
602 637 894 708 celebrare,chrisma
946 638 1097 710 humeros,
1121 640 1269 698 intibulati
1291 646 1375 698 eraut
1389 657 1462 699 auro
1478 641 1536 699 duo
1560 641 1674 715 lapides
1699 658 1773 716 ony-

10 732 17 768 -'
54 729 222 796 conticere,
237 733 333 786 vestes
348 731 377 786 ct
391 744 460 784 vasa
471 722 653 785 consecrare.
946 728 1151 803 chini,quibus
1161 731 1316 788 duodecim
1329 729 1772 789 nominallliorumlsraetsraut

10 806 26 859 ἶ·
98 819 342 876 Palliumaulem
359 817 892 892 metropolitanorum,etprimatum,
945 818 1104 892 insculpta,
1120 838 1171 878 sex
1186 820 1216 877 in
1232 839 1291 879 uuo
1303 824 1331 879 et
1346 837 1396 878 sex
1408 820 1438 878 iu
1454 821 1556 878 altero.
1573 821 1654 889 Quod
1671 824 1770 880 autem

10 914 25 951 ἱ
55 914 91 967 et
105 908 343 983 patriarcharum
359 913 405 965 est
429 908 592 980 proprium,
618 912 650 966 ut
676 925 766 983 snper
786 907 858 965 illud
874 925 892 966 a
945 909 1061 967 Samuel
1077 914 1108 967 et
1121 911 1211 967 David
1228 911 1325 968 induti
1340 911 1479 984 leguntur
1494 911 1602 984 ephod,
1614 909 1695 968 aliud
1708 915 1772 969 erat

10 1004 19 1039 -·
54 1000 177 1057 crateris
193 998 341 1071 episcopis
355 997 605 1067 discernantur,et
614 997 828 1071 privilegiatam
839 996 892 1054 ob·
945 997 1056 1057 lineum
1074 1018 1082 1072 ;
1098 1003 1127 1057 et
1145 999 1522 1073 propriequidsmepbobar
1534 999 1771 1058 dicebatur.'l'er-

56 1089 181 1146 tineent
197 1088 384 1162 dignitatem.
395 1087 455 1144 lloo
470 1090 607 1160 ergotarn
624 1087 654 1143 in
672 1087 750 1146 Novo
762 1086 891 1160 quamin
944 1089 1019 1145 tium
1036 1089 1175 1147 Hebraice
1188 1089 1341 1147 dicebatur
1356 1089 1470 1158 heusen,
1487 1088 1584 1147 Graece
1599 1084 1705 1164 λόγιον,
1717 1093 1771 1147 hs·

11 1184 17 1219 ἰ
56 1179 162 1235 Veteri
178 1179 366 1234 'testamento
385 1176 493 1250 legitur
506 1176 712 1248 constitutum,
736 1181 770 1233 ul
793 1174 891 1250 ponti·
945 1177 1005 1235 tine
1019 1195 1086 1236 aero
1102 1179 1240 1237 rationale
1252 1184 1384 1250 vocatur,
1406 1181 1485 1252 quod
1512 1178 1642 1252 pontifex
1658 1178 1772 1239 larebat

10 1274 18 1311 ῐ
57 1268 134 1325 lices
154 1273 259 1341 prater
281 1283 453 1323 communes
469 1271 567 1324 vestes
591 1267 720 1324 habeant
736 1265 890 1340 speciales.
943 1266 974 1324 iu
989 1269 1235 1341 pestoraniotum
1250 1276 1296 1327 est
1308 1273 1408 1327 autem
1423 1266 1772 1340 rationaleJudicii,quis

10 1364 12 1371 '
56 1358 117 1414 Sed
133 1357 173 1412 ibi
190 1361 273 1414 eraut
288 1360 416 1429 quatuor
429 1372 597 1414 communes
622 1360 651 1413 et
675 1364 802 1429 quatuor
821 1371 890 1428 spe·
945 1357 1195 1432 ibieratlapisin
1219 1359 1306 1430 cnjus
1327 1358 1484 1431 splendore
1504 1357 1598 1415 Deum
1626 1357 1682 1415 sibi
1708 1371 1773 1416 esse

10 1454 14 1489 :
58 1445 178 1504 ciales:
205 1444 253 1501 hic
276 1449 375 1501 autem
405 1461 456 1501 sex
479 1448 551 1502 eunt
575 1460 759 1512 communes,
786 1458 890 1500 novam
945 1447 1106 1519 propitium
1121 1448 1422 1521 cognoscebantdrat
1436 1451 1535 1505 nutem
1548 1445 1693 1505 rationale
1703 1461 1774 1519 qua·

57 1541 162 1594 autem
178 1534 370 1607 speciales.ld
385 1534 465 1591 enim
481 1533 606 1607 mystica
620 1535 695 1591 ratio
711 1532 889 1607 postulabat.
945 1535 1123 1611 drangulum
1135 1536 1254 1610 duplex,
1267 1538 1304 1595 de
1317 1540 1445 1610 quatuor
1458 1535 1607 1610 predictis
1623 1535 1771 1594 coloribus

59 1631 139 1683 Nam
155 1624 212 1681 illa
228 1626 302 1681 date
318 1628 390 1681 sunt
403 1623 572 1681 coeuntibus
597 1627 626 1681 et
650 1623 831 1687 mundanis:
846 1622 891 1679 hae
945 1642 1077 1698 auroque
1091 1630 1272 1695 contextum,
1288 1626 1402 1685 hebens
1416 1626 1572 1685 duodecim
1586 1624 1702 1699 lapides
1717 1639 1771 1699 per

61 1721 165 1772 autem
182 1715 255 1771 dete
270 1717 342 1771 sunt
357 1712 561 1785 spiritualibus
574 1717 603 1769 et
614 1712 891 1787 parientiaouater·
944 1715 1063 1772 ordines
1078 1720 1216 1789 quatuor.
1233 1717 1265 1773 lu
1291 1718 1386 1789 primo
1411 1715 1554 1786 sardium,
1577 1713 1726 1789 topazium
1741 1718 1772 1773 et

60 1806 167 1862 narius
182 1804 260 1861 enim
276 1804 413 1860 convenit
427 1803 509 1859 carni
524 1808 643 1877 propter
654 1808 779 1876 quatuor
789 1802 892 1859 humo·
945 1806 1147 1878 smaragdum.
1166 1808 1199 1863 ln
1214 1806 1344 1864 secundo
1358 1803 1768 1878 carbunculum,sapphtrum

23 1902 32 1907 '
60 1912 124 1963 res,
139 1899 169 1952 et
184 1894 296 1953 mundo
311 1898 430 1967 propter
444 1897 571 1965 quatuor
585 1892 739 1950 elementa.
751 1890 891 1949 Seuarius
944 1898 972 1951 et
983 1895 1142 1967 jaspidem.
1160 1895 1193 1953 ln
1209 1895 1294 1953 tertio
1310 1894 1463 1971 ligurium,
1491 1894 1625 1953 achatem
1639 1898 1670 1952 st
1683 1910 1766 1953 ame·

61 1983 570 2057 autemperlectis,quianumsrus
594 1987 640 2040 est
665 1983 822 2056 perlectus,
840 1980 892 2055 qui
944 1984 1088 2058 thystnm.
1106 1985 1137 2041 ln
1162 1989 1266 2058 quarto
1291 1984 1517 2057 chrysolithum,
1547 1983 1771 2059 onychinumet

61 2074 200 2133 redditur
214 2073 277 2131 suis
293 2072 426 2145 partibus
441 2072 620 2146 aggregatis.
650 2070 731 2129 Unde
747 2075 829 2129 sexto
844 2071 891 2127 die
944 2073 1092 2133 berillum.
1107 2075 1139 2131 ln
1155 2075 1264 2148 quihus
1279 2080 1363 2132 erant
1375 2075 1487 2149 scripta
1500 2092 1539 2132 rur
1559 2074 1680 2133 uomina
1693 2074 1769 2133 illio·

63 2162 187 2237 pertenit
202 2162 278 2220 Deus
293 2161 399 2220 caelum
415 2165 445 2219 et
458 2166 611 2230 terram,et
624 2177 742 2219 omnem
752 2164 890 2217 ornatum
944 2180 1009 2220 rum
1026 2164 1125 2221 lsrael.
1143 2165 1174 2221 lu
1191 2163 1318 2237 singulis
1332 2163 1462 2237 singnis.
1478 2165 1569 2221 lirant
1582 2165 1673 2222 etiam
1688 2164 1719 2221 iu
1734 2179 1769 2223 eo

64 2269 170 2311 eorum
186 2250 263 2324 (Gen.
280 2253 312 2326 1).
329 2251 511 2308 Novsnarius
521 2250 739 2324 spiritualibus,
754 2250 823 2324 quia
838 2265 891 2305 no·
944 2253 1053 2325 scripta
1068 2252 1129 2309 hec
1145 2254 1203 2309 duo
1220 2253 1341 2310 uomina
1357 2253 1454 2324 purim
1479 2257 1509 2310 et
1531 2253 1646 2327 tymim,
1673 2252 1703 2309 id
1722 2257 1769 2311 eat

62 2358 131 2399 rem
148 2345 218 2399 sunt
231 2340 349 2398 ordines
364 2339 548 2414 augelorum,
568 2339 619 2412 qui
643 2339 808 2396 secundum
824 2355 890 2411 pro·
943 2347 1045 2400 veritas
1054 2350 1081 2399 et
1093 2340 1232 2400 doctrino.
1249 2341 1433 2399 tolerabatur
1448 2345 1545 2399 sutem
1560 2337 1654 2417 λόγιον
1668 2357 1768 2417 super·

22 2484 25 2489 .
64 2432 186 2507 phetam
205 2431 313 2503 (Erech.
329 2433 430 2502 uviri)
445 2445 498 2504 per
511 2447 541 2487 11
556 2429 668 2502 species
689 2427 823 2502 lapidum
839 2428 888 2485 ds·
944 2432 1100 2502 humerali,
1121 2448 1138 2488 a
1163 2430 1308 2504 superiori
1325 2434 1409 2504 parte
1429 2446 1481 2503 per
1493 2431 1568 2488 duos
1594 2429 1721 2489 annulos
1739 2435 1770 2489 et

65 2523 236 2596 signantur,
249 2538 285 2577 xv
311 2536 378 2594 ergo
402 2524 472 2577 sunt
496 2524 667 2577 ornamenta
691 2517 839 2592 pontilicis
853 2534 891 2574 xv
943 2521 1017 2578 duas
1032 2519 1184 2578 catenulas
1199 2536 1315 2589 aureas,
1332 2519 1485 2578 immissas
1503 2520 1620 2577 duobus
1636 2520 1766 2591 uncinis,

66 2611 180 2685 gradus
192 2610 335 2668 virtutum
360 2610 424 2682 ipso
447 2624 571 2666 numero
595 2608 791 2682 designantia,
815 2623 890 2681 quos
944 2612 995 2684 qui
1011 2610 1066 2668 snb
1081 2611 1198 2667 duobus
1212 2609 1361 2683 praedictis
1386 2608 1553 2682 onychinis,
1568 2608 1599 2667 in
1618 2609 1765 2682 superhu·

64 2719 164 2776 perxv
178 2702 292 2757 cantica
305 2699 448 2771 graduum
462 2697 620 2755 Psalmista
634 2697 890 2755 distinxit.Vsstas
944 2698 1045 2758 merati
1055 2699 1281 2758 continebantur
1295 2699 1387 2756 initui.
1402 2699 1446 2757 ab
1461 2699 1592 2757 interiori
1607 2705 1766 2775 veroparts

64 2792 145 2849 enim
161 2788 357 2848 sacerdotales
371 2789 494 2846 virtutes
518 2787 696 2862 significant,
714 2787 823 2861 quibus
839 2787 889 2844 de·
942 2807 995 2864 per
1008 2791 1084 2848 dnos
1094 2789 1218 2847 annulos
1228 2805 1333 2847 aureos
1346 2789 1768 2861 cumduabusJunoturissire

63 2883 137 2938 beni
151 2880 318 2938 sacerdotes
333 2879 442 2948 ornari,
458 2878 622 2936 secuudum
646 2877 720 2934 illud
737 2875 889 2952 propheti·
943 2880 1056 2938 catenis
1070 2878 1271 2953 hyacinthinis
1292 2877 1487 2953 colligabatur
1500 2879 1607 2952 ephod.
1624 2878 1767 2937 Ultimum

65 2988 132 3028 cum
154 2987 161 3027 ε
187 2969 346 3028 Sacerdotes
371 2972 413 3027 tui
436 2968 592 3027 inlinantur
609 2967 734 3042 justitia,
758 2967 890 3025 deonoti
943 2987 1011 3027 vern
1023 2969 1128 3043 capitis
1143 2971 1350 3027 ornamentum
1365 2973 1428 3026 erat
1442 2968 1560 3037 cidaris,
1577 2968 1606 3028 id
1621 2972 1666 3026 est
1681 2968 1770 3027 mitra

63 3063 109 3118 tui
122 3062 264 3119 exacuent
279 3059 364 3133 (Paci.
376 3060 484 3128 cxxxi).
905 3034 976 3116 Gin
1001 3062 1118 3115 acutum
1143 3058 1315 3132 procedens,
1340 3056 1455 3116 habens
1474 3057 1621 3115 circulum
1644 3074 1769 3117 aureum

380 3174 499 3232 CAPUT
516 3174 568 3232 xl·
942 3165 1009 3206 cum
1017 3147 1229 3222 malagranatis
1239 3151 1268 3204 et
1280 3146 1458 3205 haribanna
1473 3163 1533 3220 qua
1542 3162 1632 3221 super
1644 3148 1769 3208 hontm

117 3263 832 3339 ltelegalibusindumentiseecundumhistoriam.
940 3238 1087 3313 pendebat
1111 3254 1200 3295 ΝΜ
1232 3236 1354 3304 lamina,
1389 3253 1478 3310 quam
1503 3235 1631 3309 limium
1653 3237 1767 3306 diffluis

100 3368 232 3433 Ouatuor
245 3369 329 3423 erant
340 3364 515 3421 indumenta
529 3362 707 3437 legalia,iam
724 3362 889 3421 minorihus
940 3331 976 3431 ad,
993 3328 1115 3385 m⁰d¹¹m
1130 3327 1208 3383 ¹¹¹⁰ae
1223 3326 1363 3383 dimidie·
1373 3327 1412 3427 0¹¹²
1426 3342 1513 3399 ‘lum
1538 3326 1688 3400 sculptum
1704 3332 1768 3385 etti

63 3456 266 3514 sacerdotibus
279 3471 367 3529 quam
383 3453 508 3525 principi
519 3453 702 3510 sacerdotum
718 3451 889 3511 communis
940 3418 1019 3475 mm
1034 3416 1083 3490 iul·
1110 3416 1208 3487 mm]
1234 3414 1349 3487 ΜΝ,
1372 3415 1401 3471 ¹⁶
1425 3419 1488 3485 ⁰⁸ii
1514 3415 1646 3473 silwim
1667 3432 1767 3475 ”OM

62 3546 197 3603 Primum
208 3545 362 3603 dicebatur
374 3543 562 3599 manathasim
576 3542 830 3611 Hebraice,Graece
839 3561 887 3596 rn-
940 3506 1064 3564 nmini·
1076 3503 1373 3578 Tetrw'ammam‘id
1383 3509 1429 3562 θη
1441 3508 1570 3578 quatum
1585 3504 1762 3577 limmum’

63 3634 220 3711 ριζώματα,
234 3640 263 3692 et
277 3634 380 3691 latins
393 3632 608 3706 yemorutiadici
624 3636 731 3705 potest,
747 3634 783 3690 de
799 3633 887 3706 bysso
939 3597 1020 3655 Μ·
1046 3597 1097 3666 HQ
1124 3596 1199 3663 ω’
1224 3594 1308 3652 Hm·
1332 3593 1373 3654 ΝΒ
1394 3610 1473 3667 v⁰r⁰t
1499 3611 1566 3652 ⁰⁰⁰¹
1592 3598 1765 3655 mmmm

63 3728 176 3781 mom
189 3727 369 3782 mmmmm·
385 3723 554 3779 secundum
566 3723 822 3795 comemmquod
834 3738 888 3779 nos
940 3685 1080 3761 pontifex,
1097 3688 1261 3786 moveretur
1273 3686 1313 3786 'et
1340 3683 1460 3787 lamipe,
1484 3683 1765 3788 colligabatnrnvitta

668 3815 772 3871 agam
786 3811 888 3886 appel,
939 3793 992 3834 seu
1003 3774 1562 3848 juncturahyacintruapersprcna,quas
1576 3779 1766 3835 summeium,

939 3865 1088 3939 posterius
1103 3864 1296 3921 diffundebat.
1313 3867 1417 3920 Noster
1431 3880 1500 3937 ergo
1515 3864 1646 3937 pontifex
1661 3881 1715 3938 pro
1725 3866 1766 3923 te·

941 3955 1104 4013 moralibus
1126 3954 1215 4011 hahet
1239 3951 1384 4019 sandalia,
1402 3968 1454 4025 pro
1478 3951 1556 4009 linea
1580 3953 1689 4021 atham,
1714 3970 1767 4025 pro

941 4045 1038 4102 balteo
1053 4043 1216 4117 cingulum,
1233 4059 1285 4114 pro
1300 4043 1410 4115 podere
1424 4040 1567 4106 tunicam,
1594 4058 1645 4114 pro
1668 4041 1767 4115 ephod

62 3814 173 3871 lineam
187 3813 247 3870 sive
263 3810 452 3879 subuculam,
469 3812 520 3868 sed
536 3812 650 3886 Moyses

64 3903 146 3960 iavit.
165 3904 274 3961 tlebrsi
295 3919 363 3958 vero
379 3899 564 3959 discedentes
579 3919 596 3958 a
611 3902 787 3976 Babyloniis,
803 3904 887 3959 emis·

63 4011 116 4050 san
131 4009 197 4050 eam
211 3997 400 4063 vocaverunt,
415 3998 536 4064 eratque
554 3990 708 4062 byssinum
723 3995 753 4049 et
771 3990 887 4062 duplex.

63 4083 198 4141 'tertium
218 4082 334 4152 balteus,
348 4083 377 4139 id
393 4087 438 4140 est
452 4099 526 4138 zona
547 4079 590 4137 vel
615 4080 779 4155 cingulum,
795 4080 889 4137 latum

684 4175 717 4226 ut
733 4171 817 4243 qussi
829 4169 890 4242 pel.
941 4135 1083 4235 “simum
1101 4130 1278 4231 toletalum,
1295 4147 1346 4202 pro
1363 4126 1456 4205 λόγιον
1472 4129 1768 4233 pallium,pr00yd,pp
1792 4126 1798 4135 ·

941 4232 1071 4288 matram,
1087 4238 1138 4296 pro
1155 4220 1265 4277 lamina
1280 4235 1407 4276 crucem.
1418 4220 1455 4275 lit
1469 4219 1604 4292 quedam
1620 4235 1654 4276 ex
1666 4218 1769 4278 hasdr-

64 4172 151 4246 quasi
165 4171 266 4246 digitis
279 4173 458 4245 quatuor,sic
472 4169 673 4238 reticulatum,

62 4263 102 4320 lis
114 4263 232 4336 viperea
247 4261 407 4333 videretur,
423 4264 590 4319 contextum
607 4260 643 4316 de
667 4260 766 4331 bysso,
793 4275 889 4326 cocco,

65 4368 197 4426 purpura
211 4354 241 4408 et
255 4351 423 4425 hyacintho.
448 4352 591 4418 Quartum
615 4350 701 4417 tiara,
727 4349 807 4422 qnod
832 4348 889 4406 lie·

63 4440 135 4497 brei
158 4440 314 4514 manephei,
336 4457 391 4497 nos
418 4444 518 4497 autem
546 4437 669 4511 insulam
692 4437 887 4511 appellamus,
906 4421 925 4484 D
941 4400 1204 4476 gummfflmdm'

64 4529 200 4602 acidari,
214 4531 301 4588 idest
324 4530 412 4587 mitra
435 4526 594 4602 pontitlcali
619 4526 782 4600 plurimum
807 4528 890 4585 dille·
1256 4512 1371 4571 GAPUT
1389 4511 1455 4571 XII·

64 4637 146 4692 rens,
171 4619 257 4693 quasi
282 4619 407 4677 lormam
432 4617 565 4676 rotunda
589 4615 715 4674 cassidis
730 4631 891 4689 represen-
1024 4608 1062 4665 ⁰0
1077 4614 1141 4680 type
1157 4604 1289 4677 beotiam
1301 4602 1526 4690 ‘tammum
1540 4604 1693 4662 ‘titinium

63 4714 133 4767 tans
148 4709 246 4779 (leod.
261 4726 349 4766 xxvur
364 4707 501 4782 passim).
1266 4674 1441 4748 “1¹⁶90mm·

104 4797 198 4871 Super
213 4798 416 4872 bsec‚quatuor
426 4795 554 4870 propriis
568 4794 752 4852 indumentis
763 4794 893 4867 pontilex
982 4795 1033 4852 llis
1047 4794 1180 4851 vestibus
1196 4796 1319 4850 ornatus
1333 4792 1474 4866 pontifex,
1498 4792 1589 4851 totius
1604 4791 1685 4850 orbis
1697 4806 1772 4865 prse-

68 4889 216 4947 utebatur.
234 4887 366 4945 Primum
382 4890 445 4944 crat
459 4884 560 4942 tunica
584 4882 787 4957 hyacinthina,
802 4900 892 4956 quam
947 4886 1058 4941 terebat
1072 4882 1406 4956 imaginem.Femoralia
1420 4898 1549 4954 namque
1564 4882 1686 4955 byssina
1699 4897 1771 4938 con·

66 4976 213 5034 Hebraico
231 4977 306 5034 dixit
319 4976 424 5047 nattir,
436 4975 535 5033 Graece
557 4972 666 5030 dicitur
685 4967 823 5046 ποδήρης,
839 4972 894 5030 ha·
946 4990 1018 5050 grue
1033 4976 1142 5030 terram
1160 4971 1338 5045 figurabant,
1362 4971 1432 5045 quia
1447 4973 1552 5045 byssus
1567 4971 1603 5026 ds
1618 4974 1695 5026 terra
1706 4985 1773 5043 pro·

68 5064 131 5121 tine
155 5064 264 5125 talaris.
280 5066 375 5122 vertis.
400 5062 533 5120 Habebat
566 5065 666 5119 autem
690 5077 743 5134 pra
768 5060 895 5118 timbriis
947 5064 1034 5122 cedit.
1050 5062 1169 5119 Balteus
1183 5077 1251 5117 cum
1267 5059 1347 5117 vittis
1370 5066 1400 5116 et
1423 5058 1550 5117 vasculis
1576 5057 1771 5116 circumvolu-

941 4329 1056 4371 verssm
1071 4310 1182 4367 habent
1196 4310 1322 4366 sormam
1339 4309 1374 4367 ab
1391 4306 1463 4380 illis,
1479 4309 1531 4366 scd
1554 4310 1717 4367 secundum
1731 4310 1766 4367 tl·

70 5153 274 5227 malsgranata
288 5171 357 5211 cum
380 5152 532 5225 octoginta
553 5150 763 5209 tintinnabulis
785 5151 893 5219 aureis,
948 5153 1058 5211 tionem
1078 5149 1186 5208 Oceani
1214 5148 1420 5223 designabunt.
1444 5146 1556 5204 Tunica
1581 5144 1774 5219 hyacinthina

67 5244 236 5302 intercalari
261 5245 348 5301 modo
376 5240 531 5316 disposita,
553 5242 587 5296 ut
608 5240 763 5297 audiretur
791 5257 895 5310 sonus,
949 5243 1013 5315 ipso
1027 5239 1123 5298 colore
1143 5254 1212 5297 aera
1226 5237 1408 5312 praterehat.
1433 5237 1487 5293 Per
1505 5234 1705 5292 tintinnabula
1727 5252 1774 5295 sc·

66 5349 136 5391 cum
154 5333 284 5406 pontilex
299 5333 501 5406 ingrederetur
527 5328 742 5399 sanctuarium,
768 5346 804 5387 ne
820 5330 895 5388 torte
949 5332 1030 5390 nitus
1044 5328 1254 5387 tonitruorum.
1269 5332 1324 5384 Per
1339 5325 1543 5398 malagranata
1556 5325 1776 5384 coruscationes

67 5428 247 5481 moreretur.
260 5424 429 5481 Secundum
445 5422 508 5477 erat
529 5417 638 5491 ephod,
649 5417 678 5475 id
693 5426 737 5476 est
749 5417 895 5492 superhu·
949 5425 978 5479 ct
1001 5420 1118 5493 fulgura
1141 5416 1357 5492 figurabantur.
1382 5416 1514 5481 Ouatuor
1531 5414 1656 5474 minoris
1679 5430 1776 5473 sacer·

66 5512 249 5584 martiale
271 5517 401 5588 quatuor
423 5507 572 5585 predictis
594 5504 743 5569 coloribus
764 5523 896 5583 auroque
950 5508 1067 5570 dotieet
1081 5510 1207 5583 quatuor
1223 5504 1333 5566 summi
1349 5502 1499 5580 pontificis
1512 5504 1776 5585 indumentaque·
