3796 5986
110 241 166 300 ars
700 233 1006 295 sorsumurcu.
1026 263 1061 277 -
1080 240 1141 294 aa.
1161 236 1241 295 reor.
1769 223 1828 307 η’..
1874 212 1877 221 “

99 369 214 443 qstprc
232 371 356 440 tmpore
380 368 448 440 fcit,
464 368 567 424 contra
590 366 701 422 statuta
728 359 934 418 Cistercieueis
949 360 976 427 Λ
992 362 1118 429 irarum,
1134 362 1236 421 nullus
1251 365 1386 438 rapinam
1402 383 1452 424 seu
1469 369 1582 427 lurtum
1598 372 1703 442 lacere,
1719 373 1820 447 ignem

99 459 232 528 ordinis,
252 474 285 514 se
299 458 489 531 aliquatenus
505 455 695 511 intromittat.
706 453 735 507 Si
747 467 813 507 vero
824 449 934 518 epieco·
990 467 1139 523 apponere
1154 456 1328 525 sanguinem
1345 457 1477 526 tondere,
1489 459 1638 517 homiuem
1650 470 1759 520 temere
1770 481 1820 521 ea-

101 565 169 622 pus,
187 547 219 603 in
233 548 321 619 cujus
336 545 478 619 parocbia
491 545 598 600 domus
613 547 709 599 vestra
729 540 853 596 lundata
878 546 933 610 est,
988 556 1068 611 pere,
1085 540 1128 598 vel
1144 543 1318 609 interlicere,
1335 562 1388 602 seu
1418 547 1585 606 violentiam
1605 553 1712 609 audeat
1735 569 1817 610 excr-

98 653 168 693 cnm
186 637 357 694 humilitate
373 652 407 692 so
422 633 586 700 devotione,
606 649 666 705 qua
676 629 821 693 convenit,
835 627 932 700 requi·
988 645 1061 686 cere.
1078 634 1230 703 Praeterea,
1246 650 1350 690 omnes
1365 635 1516 693 libertates
1529 644 1558 694 et
1572 638 1817 712 immunitataa,a

100 727 190 795 situs,
207 725 404 782 substitutum
419 724 554 781 abbatem
571 721 743 778 benedicere
753 715 931 788 stellaque
988 720 1251 788 praedecessoribus
1268 724 1388 790 nostris,
1406 725 1545 782 Romanis
1562 730 1751 800 pontificibus
1766 749 1814 788 or·

99 816 135 870 ed
161 815 299 871 crucium
322 811 488 886 episcopale
510 810 667 884 pertinent,
692 806 775 863 cobis
799 805 931 862 conterre
985 808 1160 865 diuivestro
1185 827 1352 879 concessas,
1381 829 1433 869 nec
1463 832 1521 871 uon
1551 826 1580 872 et
1606 817 1756 878 libertates
1784 827 1815 879 et

100 903 245 974 renuerit,
261 903 376 959 licitum
390 901 431 959 sit
445 901 540 956 eidem
555 897 664 966 ablati,
681 896 706 953 si
722 901 821 951 tamen
832 911 930 951 sacer·
985 898 1184 967 exemptiones
1199 899 1382 958 secularium
1398 905 1596 971 exactionum,
1612 909 1759 979 aregihus
1783 916 1813 969 at

100 994 152 1050 dos
167 993 272 1056 luerit,
301 990 436 1064 proprios
451 988 578 1045 novitios
599 986 781 1054 benedicere,
806 988 835 1040 et
860 983 928 1053 alia,
985 987 1182 1059 principibus,
1207 990 1250 1045 vel
1268 990 1333 1047 aliis
1345 992 1481 1049 fidelibus
1496 996 1711 1053 rationabiliter
1730 1001 1813 1058 vobis

99 1098 162 1153 qaia
179 1081 217 1138 ad
233 1081 364 1138 officium
379 1095 445 1135 sum
463 1077 610 1152 pertinent
624 1091 769 1141 exercere,
786 1078 816 1130 et
834 1072 928 1142 vohis,
983 1076 1126 1147 indultas,
1153 1079 1327 1136 auctoritate
1362 1081 1522 1153 apostoliea
1547 1085 1760 1145 confirmamus
1784 1094 1814 1146 et

100 1171 203 1226 omnia
218 1171 256 1226 ab
272 1168 329 1225 alio
343 1167 480 1241 episeopo
496 1166 644 1239 percipere
659 1181 723 1237 ques
735 1180 751 1218 a
761 1167 858 1218 vestro
869 1161 929 1217 iue-
984 1167 1136 1239 presentis
1151 1167 1253 1241 scripti
1269 1168 1419 1242 privilegio
1436 1174 1667 1230 communimus,

100 1259 159 1315 rint
175 1258 311 1315 indebite
325 1258 469 1330 denegata
481 1281 489 1323 ς
500 1255 573 1311 illud
590 1254 772 1326 adjicientes,
789 1255 822 1306 ut
836 1250 865 1305 in
881 1265 927 1305 rc-
1017 1257 1206 1312 Deceruimus
1228 1273 1308 1332 ergo,
1324 1265 1357 1313 ut
1372 1258 1445 1315 nulli
1461 1261 1582 1319 omuino
1603 1263 1757 1322 hominum
1773 1265 1812 1322 li.

100 1348 251 1421 cipieudis
266 1346 515 1421 possessionibus,
532 1361 596 1417 quo
610 1360 627 1400 a
641 1341 803 1398 benedictis
818 1339 861 1395 vel
877 1339 927 1394 be·
981 1354 1054 1412 caat,
1064 1347 1812 1423 prefatummonasteriunntemereperturbare,aut

99 1437 277 1494 dedicandi!
292 1435 449 1493 abbatibus
463 1433 649 1499 exhibentur,
666 1449 710 1500 θα,
724 1431 788 1487 ῦίῦθ
798 1426 927 1501 episcopi
981 1434 1047 1505 ejus
1062 1433 1264 1505 possessiones
1280 1435 1406 1507 auterre,
1423 1436 1466 1493 vel
1481 1437 1594 1496 ablatas
1604 1439 1739 1510 retinere,
1752 1444 1810 1499 mi-

97 1527 195 1582 lorma
208 1531 241 1583 at
254 1524 445 1598 expressione
459 1523 588 1580 contenti
603 1522 670 1594 (el),
687 1537 751 1592 quas
766 1517 927 1591 aborigine
982 1539 1083 1593 nuere,
1099 1538 1151 1579 sau
1165 1523 1348 1595 quibuslibet
1368 1525 1572 1582 vexationibus
1597 1527 1731 1602 tetigere,
1756 1531 1808 1589 sed

98 1614 212 1671 ordinis
228 1614 363 1670 noscitur
376 1613 525 1680 instituta,
539 1616 573 1667 ut
591 1610 705 1666 scilieet
720 1607 842 1665 abbates
857 1604 925 1678 ipsi,
980 1612 1081 1668 amnia
1093 1620 1314 1680 conserventur,
1331 1631 1445 1681 eorum,
1459 1632 1510 1687 pro
1526 1633 1652 1687 quorum
1663 1618 1809 1691 guberna.

97 1703 180 1760 aalro
195 1704 302 1759 ordine
317 1719 383 1772 suo,
399 1701 531 1775 proliteri
546 1701 682 1765 debcant,
698 1702 728 1753 et
741 1702 842 1753 contra
867 1699 926 1752 sta·
943 1728 967 1795 B
982 1700 1062 1757 tione
1077 1719 1110 1758 ac
1126 1701 1340 1759 sustentatione
1355 1720 1495 1760 concessu
1511 1709 1581 1760 suut
1597 1705 1700 1762 usibus
1712 1708 1806 1765 omui-

99 1797 163 1849 tuta
178 1792 295 1850 ordinis
308 1791 354 1849 sui
368 1791 479 1848 nullam
495 1790 706 1863 professionem
730 1788 823 1843 lacere
848 1800 927 1841 com·
982 1792 1078 1847 modis
1090 1789 1251 1860 protutura,
1264 1791 1342 1847 salva
1354 1793 1433 1848 sedis
1443 1793 1610 1864 apostolice
1622 1796 1805 1854 auctoritate.

100 1881 263 1954 pellentur.
280 1882 335 1937 Pro
350 1880 620 1938 consecrationibus
633 1894 702 1934 vero
718 1875 855 1932 altarium
883 1871 927 1931 vol
981 1880 1079 1951 Siqua
1094 1879 1184 1951 igitur
1200 1880 1228 1935 in
1246 1882 1378 1936 l'uturum
1399 1881 1598 1938 ecelesiastica
1621 1882 1806 1943 secularisve

101 1971 307 2039 ecclesiarum,
324 1966 710 2042 eiveprooleosaucto,vel
727 1964 858 2037 quolibet
878 1980 925 2020 eo·
981 1985 1127 2041 persona,
1156 1968 1232 2025 hano
1259 1975 1365 2026 nostrae
1402 1971 1622 2027 constitutionis
1645 1974 1806 2046 pagiuam,

40 2122 42 2137 Ι
99 2061 268 2117 etesiastico
282 2065 466 2117 sacramento
481 2056 720 2123 nullusavobis,
737 2055 793 2112 sub
804 2054 926 2109 obtentu
981 2059 1807 2130 sciens,contraesmtorsereveniretantuverit,secun·

40 2142 43 2151 '
99 2149 338 2219 consuetudinis,
353 2147 398 2205 vel
413 2147 470 2204 alio
480 2148 578 2217 modo,
589 2145 749 2217 quidquam
762 2144 927 2198 audentea·
980 2147 1017 2204 do
1032 2148 1155 2203 tertiove
1169 2147 1355 2217 commonita,
1373 2147 1428 2203 nisi
1445 2153 1557 2205 reatum
1574 2167 1661 2206 suum
1677 2167 1808 2225 congrua

98 2242 252 2310 hrquere,
266 2236 317 2294 aed
334 2237 434 2293 omnia
445 2235 537 2309 gratis
550 2234 633 2291 vobis
648 2230 922 2305 episcopusdirece·
981 2236 1183 2294 satisfactione
1198 2238 1366 2307 correxerit,
1383 2240 1538 2310 potestatis
1553 2238 1733 2312 honorisque
1759 2243 1805 2298 sui

100 2343 194 2383 sanus
211 2326 366 2399 impendat
377 2343 385 2393 ;
396 2325 539 2397 alioquin,
555 2323 639 2379 liceat
655 2321 738 2378 cobis
762 2335 925 2392 quemcun·
980 2326 1125 2398 dignitate
1139 2330 1247 2393 careat,
1261 2327 1549 2397 reamquesedirino
1556 2328 1672 2399 judicio
1682 2328 1807 2385 existere

96 2431 152 2488 qua
164 2413 336 2471 malueritis
350 2413 528 2471 catholicum
554 2412 633 2468 adira
662 2409 834 2478 antistitem,
857 2425 925 2481 gra·
979 2416 1015 2471 de
1030 2417 1196 2485 perpetrate
1211 2413 1365 2485 iniquitate
1380 2421 1550 2487 cognoscat,
1565 2421 1594 2471 el
1609 2433 1626 2471 a
1640 2417 1806 2475 sacratissi-

96 2504 167 2561 tiem
185 2509 218 2561 st
233 2504 473 2560 communionem
488 2501 656 2574 apostoliea
667 2500 745 2557 sedis
755 2498 925 2568 habentem,
980 2521 1028 2560 mo
1043 2519 1163 2574 corpore
1173 2507 1202 2559 et
1217 2503 1362 2574 sanguine
1389 2504 1439 2559 Dei
1455 2511 1484 2559 et
1499 2504 1615 2560 Domini
1632 2506 1806 2579 Redemplo·

96 2587 926 2665 quinostrairetuaauctoritste,vobisqucdpostulatur
980 2592 1155 2649 nostriJsau
1178 2591 1285 2647 Christi
1309 2591 1404 2648 aliena
1433 2593 1598 2664 llat,atque
1621 2595 1649 2649 iu
1674 2600 1803 2652 extremo
1863 2574 1868 2589 ⁸

96 2682 264 2755 impendat.
275 2682 356 2748 Quod
373 2681 399 2737 si
418 2683 503 2738 sedes
517 2679 674 2737 diocesani
699 2676 826 2750 episcopi
852 2678 926 2732 torte
979 2681 1112 2738 examino
1128 2679 1269 2735 districtas
1285 2678 1389 2735 ultioni
1401 2679 1561 2751 subjaceat.
1573 2681 1693 2738 Cunctis
1703 2689 1802 2740 autem

95 2772 259 2841 macerit,
274 2770 392 2827 interim
409 2770 508 2827 omnia
522 2767 720 2824 ecclesiastica
741 2769 925 2821 sacramenta
978 2771 1074 2828 eidem
1095 2771 1157 2826 loco
1172 2786 1226 2825 sua
1239 2771 1308 2840 jura
1323 2769 1517 2835 servantibus,
1543 2770 1581 2826 sit
1606 2788 1662 2842 pax
1685 2771 1802 2827 Domini

95 2860 231 2917 evicinis
245 2859 392 2932 episcopis
406 2859 539 2932 accipere
549 2858 640 2914 libere
650 2863 677 2912 et
687 2855 800 2927 absque
812 2858 924 2911 conire·
978 2859 1071 2917 nostri
1086 2860 1157 2915 lesu
1174 2858 1294 2925 Christi,
1310 2866 1455 2930 quatenus
1471 2866 1500 2914 et
1515 2858 1563 2914 hic
1579 2859 1706 2916 lruotum
1718 2860 1800 2917 boue

96 2948 230 3005 ὖῑῦῒίοῦθ
245 2948 380 3020 Ρθῦῦὶῐῑῦ,
396 2947 440 3005 1ἱο
453 2954 564 3013 temen.
579 2951 613 3002 Ui
633 2962 668 3002 ⁰¹
691 2944 746 3000 11⁰⁰
769 2945 799 2998 in
824 2947 923 3016 Ρῠεῑθ·
978 2948 1103 3006 actionis
1118 2947 1289 3019 percipiunt,
1309 2953 1339 3002 et
1365 2946 1440 3019 apud
1471 2946 1639 3004 districtum
1666 2948 1803 3006 iudicem

95 3054 159 3094 rum
177 3037 309 3110 propriis
323 3035 469 3109 episcopis
484 3035 599 3093 nullum
616 3033 818 3107 praejudicium
833 3048 924 3105 geae-
980 3037 1100 3111 premia
1127 3041 1240 3092 eternas
1269 3036 1349 3107 pacis
1379 3035 1538 3091 inveniant.
1567 3042 1671 3093 amen.
1697 3042 1801 3095 Amen.

94 3133 186 3183 retur.
199 3126 354 3196 Quiavero
364 3126 512 3183 interdurn
522 3123 706 3198 propriorum
719 3122 922 3194 episcoporum
938 3095 960 3162 C
979 3131 1082 3184 nmen.

94 3215 465 3289 copiamuonhabetis,si
482 3230 568 3287 quarn
589 3214 760 3286 episcopum
787 3215 922 3267 Romanae
1015 3217 1073 3288 llgo
1094 3213 1315 3284 ‘Innocentius,
1346 3213 1496 3271 catholice
1525 3213 1662 3270 Ecclesia
1691 3215 1805 3287 episco-

95 3305 188 3373 eedia,
202 3309 237 3360 ut
252 3303 393 3374 diximus,
409 3303 649 3361 communionem
666 3301 833 3369 habentem,
848 3305 878 3355 et
888 3299 924 3356 de
979 3321 1046 3376 pus.

94 3409 152 3466 quo
168 3392 291 3465 plenam
318 3393 452 3450 notitiam
480 3391 623 3462 habeatis,
648 3406 773 3463 parvos
796 3389 924 3446 transire
1014 3398 1073 3467 Ege
1088 3389 1454 3462 Octavianus,llostiensis
1471 3394 1500 3446 et
1514 3389 1703 3448 velletrensis
1726 3393 1805 3464 epis·

93 3482 254 3554 contigerit
276 3482 314 3538 ab
342 3497 376 3538 eo
405 3480 624 3538 benedictiones
651 3494 787 3535 vasorum
803 3482 832 3534 et
859 3494 923 3534 ves·
979 3498 1082 3556 oopus.

95 3570 189 3642 tium,
203 3569 442 3628 consecrationes
457 3567 921 3637 altarium,ordinatiouesmoua·
1014 3576 1072 3644 ssgo
1088 3574 1201 3642 petrus,
1218 3567 1387 3640 portuensis
1402 3572 1431 3624 et
1446 3573 1548 3625 sancia
1568 3569 1674 3625 Rullua
1693 3568 1805 3642 episco-

92 3659 220 3718 chorum
239 3659 413 3717 auctoritate
433 3657 682 3732 apostolicaesedis
693 3656 822 3728 recipere
831 3654 923 3711 valea·
977 3678 1044 3735 pus.

91 3750 140 3806 tis.
160 3749 257 3806 Porro
272 3748 297 3805 ei
312 3749 454 3820 episcopi,
476 3746 521 3804 val
546 3748 595 3804 atii
621 3745 812 3803 ecclesiarum
828 3749 922 3800 recto·
1014 3750 1225 3824 aquinenses,
1243 3745 1421 3803 albanensis
1435 3746 1591 3818 episcopus

91 3855 148 3905 ras,
164 3837 200 3893 iu
216 3837 397 3894 monasteria
409 3841 506 3894 restra
520 3835 564 3893 vet
582 3834 806 3909 personasinibi
817 3834 923 3890 consti·
1013 3838 1069 3910 llgo
1082 3837 1199 3902 Petrus,
1214 3834 1294 3891 tituli
1310 3833 1422 3890 Sancta
1439 3831 1563 3889 Coeclliae
1574 3833 1727 3906 presbyter
1737 3851 1800 3891 oar·

89 3931 185 3991 tutes,
202 3924 420 3996 suspensionis,
435 3923 760 3990 excommunicationis,
775 3922 820 3979 val
832 3923 922 3978 inter·
976 3927 1095 3983 diualis.

88 4016 161 4072 dicti
172 4014 354 4071 sententiam
366 4011 834 4088 promulgaverinl,sivaetiaurin
844 4027 922 4067 mer·
1012 4020 1069 4088 Ego
1085 4014 1189 4081 Guido,
1206 4014 1235 4069 S.
1251 4011 1348 4069 Maris
1358 4012 1435 4066 inira
1448 4011 1584 4085 Tyberim
1595 4010 1672 4066 tituli
1684 4010 1800 4081 calixti,

88 4104 228 4162 cenamus
243 4107 369 4171 vestroe,
386 4119 438 4176 pro
452 4119 486 4160 eo
501 4103 579 4175 quod
593 4103 724 4158 decimas
745 4117 801 4156 uon
830 4099 921 4156 solvi·
977 4106 1131 4178 presbyter
1146 4101 1316 4159 cardinalis.

87 4194 137 4262 tie,
156 4193 223 4248 sive
238 4190 339 4265 aliqua
353 4191 508 4249 occasione
522 4208 624 4248 eorum
640 4190 748 4262 qucab
760 4188 921 4262 apostoliea
1011 4193 1069 4263 Ego
1085 4193 1179 4262 llugo,
1198 4192 1349 4263 presbyter
1363 4185 1521 4243 cardinalis
1532 4187 1626 4243 saucii
1636 4187 1757 4243 Martini
1767 4191 1796 4246 et

88 4281 278 4355 benignitate
289 4280 374 4338 vobis
389 4280 506 4337 indulta
523 4297 574 4338 seu
599 4281 629 4336 iu
656 4279 857 4336 benefactores
870 4294 921 4333 ve·
974 4281 1096 4353 Equitii.

87 4375 182 4441 atros,
198 4386 252 4442 pro
266 4385 301 4426 eo
316 4370 394 4443 quod
410 4368 510 4441 aliqua
523 4369 605 4425 vobis
620 4367 761 4424 beneficia
771 4364 815 4422 vel
835 4367 920 4421 obes·
1009 4371 1069 4443 Ego
1083 4369 1213 4425 ioannes
1229 4365 1308 4423 tituli
1318 4364 1416 4421 Sancti
1428 4363 1606 4436 Stephaniin
1616 4363 1705 4421 coelio
1717 4365 1797 4423 hion-

88 4458 163 4532 qnia
178 4474 215 4515 ex
230 4458 372 4515 charitate
386 4458 585 4531 prestiterim,
607 4455 650 4512 vel
666 4458 700 4512 ad
724 4455 919 4512 laborandum
935 4465 957 4530 [J
973 4463 1001 4515 ts
1016 4457 1167 4530 presbyter
1182 4453 1351 4510 cardinalis.

90 4546 309 4620 tdjuverint,in
323 4545 382 4604 illie
392 4546 495 4604 diebus
506 4548 535 4602 in
545 4545 654 4619 quibus
664 4561 716 4601 voe
726 4542 867 4600 laboratis
878 4546 917 4614 et,
1009 4548 1068 4620 Ego
1079 4546 1221 4614 Jonnms,
1236 4543 1313 4599 tituli
1330 4543 1444 4599 Sanotae
1460 4541 1564 4599 Prlecoe
1575 4541 1727 4614 presbyter
1734 4558 1797 4600 aar·

89 4635 143 4693 alii
160 4635 317 4703 fedentur,
333 4636 466 4693 eamdem
483 4635 660 4693 seutentiam
677 4633 862 4707 protulerint,
878 4631 919 4703 ip·
972 4635 1091 4691 dicatis.

89 4742 172 4792 um,
187 4731 329 4797 tauquam
346 4731 449 4782 contra
459 4724 537 4781 sedis
553 4723 719 4797 apostolice
730 4721 844 4778 indulta
855 4738 919 4793 pro·
1008 4729 1066 4796 Ego
1081 4723 1214 4793 cencius,
1231 4728 1399 4779 sanctorum
1416 4720 1574 4777 loanniset
1582 4719 1664 4776 Pauli
1676 4722 1796 4794 presby-

89 4814 186 4871 latam
199 4814 340 4871 duximus
355 4814 540 4884 irritandam,
556 4811 784 4870 neclitleraillae
797 4811 919 4866 llrmita-
973 4817 1019 4869 ter
1032 4811 1202 4881 cardinalis,
1218 4811 1296 4867 tituli
1314 4809 1472 4866 Parnarbii.

85 4908 151 4961 tem
168 4902 306 4971 habeant,
323 4919 409 4976 quas,
421 4903 511 4960 tacito
526 4901 645 4959 nomine
660 4901 918 4958 cisterciensisor·
1008 4903 1068 4973 Ego
1083 4901 1251 4974 Gregorius,
1262 4900 1341 4956 tituli
1351 4899 1450 4955 Sancti
1460 4896 1565 4953 Vitalis
1576 4898 1727 4971 presbyter
1737 4911 1796 4954 car·

87 4991 184 5061 dinis,
199 4995 230 5048 et
243 4997 344 5048 eontra
354 4996 486 5049 tenorem
501 4990 728 5063 apostolicorum
751 4987 917 5061 privilegio·
974 4991 1091 5047 diualis.

86 5096 157 5137 rum
175 5077 916 5153 constiteritimpetrari.Paoiquoqueettrauquil-
1007 5078 1361 5152 llgoBruedictus,tiluli
1391 5075 1795 5150 SanetaiSusannaepresby·

88 5168 168 5225 litati
183 5173 288 5226 vestre
301 5169 617 5244 pateruaiuposterum
634 5167 833 5225 sollicitudine
848 5181 915 5239 pro·
971 5173 1017 5226 ter
1031 5169 1202 5225 cardinalis.

86 5257 189 5315 videre
203 5258 344 5327 volentes,
359 5256 914 5330 auctoritateapostoliraprohihemus,
1005 5258 1065 5332 ugo
1081 5258 1253 5327 Graoieuus,
1279 5262 1451 5316 Sanctorum
1476 5261 1585 5314 Cosma
1609 5258 1638 5313 et
1658 5252 1791 5312 Damianl

89 5364 127 5406 ue
142 5347 223 5406 iutra
236 5347 390 5406 clausuras
404 5347 547 5419 locorum,
562 5363 614 5406 seu
633 5344 823 5421 grangiarum
847 5360 913 5402 vas·
968 5349 1110 5407 diaconus
1125 5349 1293 5408 cardinalis.

124 5561 185 5635 (07)
199 5560 246 5620 Βία
261 5559 368 5636 legitur
381 5562 412 5621 iu
425 5567 548 5637 Apogr,
562 5562 702 5620 mendose
714 5564 747 5619 ut
759 5559 885 5619 videtur.
