3796 5986
106 200 170 273 'ree
766 211 978 274 innocnnnu
997 219 1036 275 m
1055 216 1169 273 esee.
1776 212 1818 272 tel

84 344 87 349 ’
114 337 341 414 impossibilem,
356 339 460 415 ligurit
475 342 717 417 insuperabilem,
730 341 819 401 trnxit
828 339 944 398 incom·
959 341 987 411 Α
1001 338 1118 413 quaesic
1128 338 1284 396 inchoetur
1298 337 1328 394 in
1341 336 1398 405 rie,
1410 337 1485 410 quod
1497 336 1820 413 consummeturinpu·

117 431 302 502 mutabilem,
326 433 469 489 eternum
493 433 561 490 iecit
583 433 746 491 mortalem.
770 432 801 489 si
823 435 942 488 tentum
997 429 1065 486 trin.
1081 432 1147 485 Heu
1169 437 1209 486 ert
1232 428 1307 500 ienis
1332 430 1361 485 in
1386 427 1452 485 Sion
1472 432 1502 483 ei
1524 427 1661 483 cuminus
1676 427 1709 483 ie
1724 428 1822 485 tersis·

38 524 43 532 “
118 519 214 593 potuit
237 519 366 577 cherilus
389 521 420 577 in
443 522 548 593 Deum,
564 525 706 595 quintum
721 521 809 579 homo
824 521 944 577 deberet
998 518 1051 575 lem
1068 518 1133 594 (lec.
1149 519 1237 587 xxm).
1254 517 1388 573 Cheritee
1407 516 1491 590 quusi
1506 515 1692 573 Trinitatem
1708 521 1821 573 cresim

118 623 205 682 posse
220 608 249 665 in
266 610 416 682 seipsum?
426 611 456 669 Si
472 612 548 668 Deus
563 616 684 685 propter
698 611 846 668 hominem
863 614 944 668 tonte
997 609 1089 681 peril:
1103 609 1133 664 in
1145 624 1203 681 qun
1215 606 1359 664 Trinitete
1369 605 1455 680 qusei
1470 605 1555 662 Peter
1569 610 1617 662 eet
1633 605 1762 662 dilectio
1774 604 1823 677 liri,

117 697 250 771 pertulit,
263 699 336 772 quid
352 699 438 757 horno
452 708 569 774 propter
585 706 674 759 Deum
688 701 813 758 tolerare
825 717 942 758 recusu-
998 714 1016 754 u
1031 714 1088 771 quo
1103 697 1235 772 procedit
1250 694 1377 763 dilectio,
1391 711 1450 768 que
1475 711 1506 752 ee
1525 694 1616 752 homo
1642 694 1759 766 diligit,
1773 698 1824 753 lm·

117 787 186 844 biti
201 788 313 845 Pudeet
326 794 393 858 te,o
409 788 507 861 homo,
518 808 575 848 non
592 790 698 863 subjici
715 789 863 854 cheriteli‚
878 806 943 862 que
997 803 1086 860 quem
1102 784 1199 860 proles
1214 802 1232 842 u
1246 790 1384 859 parente:
1404 785 1440 841 eb
1466 788 1591 858 utroque
1615 800 1689 841 vero
1713 782 1824 841 dilectio

119 875 177 933 sihi
191 878 317 950 subiecit
332 883 480 936 auctorem
496 881 610 952 mnndi,
625 897 683 937 non
709 880 818 953 pudent
837 879 941 951 eubjicl
997 876 1125 949 proximi
1134 876 1276 949 procedit,
1284 875 1368 949 quusi
1380 873 1507 947 Spiritus
1517 874 1690 931 senctuseb
1698 877 1825 946 utroque.

119 967 255 1024 charitati
272 967 380 1036 lutum,
397 986 461 1040 quae
477 969 533 1025 sibi
550 971 675 1042 subjecit
690 972 718 1027 et
731 969 866 1043 ligulunr.
877 969 942 1025 Hoc
999 969 1064 1023 lete
1079 964 1245 1023 dilectionis
1260 970 1330 1020 sunt
1352 963 1381 1018 ln
1406 979 1466 1020 unu
1480 963 1653 1020 subelectio
1669 962 1826 1035 obruistis,

118 1071 173 1114 non
183 1056 404 1124 aemnlntur,oon
418 1060 478 1130 cpit
490 1075 637 1131 perperam
652 1058 677 1132 (l
684 1058 877 1131 Ccr.1111).llb
893 1057 943 1114 illo
999 1056 1049 1114 sed
1066 1055 1186 1112 diverses
1201 1055 1232 1111 in
1247 1053 1367 1127 propriu
1381 1068 1515 1126 persone.

119 1146 148 1202 in
165 1162 222 1217 quc
237 1146 360 1213 habitet,-
378 1148 506 1204 redicem
521 1149 660 1206 vitiorum
676 1149 830 1221 exstirpet.
841 1148 943 1205 Chari·
1034 1146 1107 1202 Cnve
1122 1160 1204 1218 ergo,
1222 1160 1239 1200 o
1255 1143 1357 1212 homo,
1373 1143 1397 1199 si
1420 1143 1605 1200 dilectionem
1623 1141 1740 1200 sectari
1757 1141 1828 1209 velis,

118 1236 312 1292 insomnium
327 1237 467 1294 virtutum
483 1243 528 1294 est
542 1238 643 1312 origo;
666 1238 795 1295 chorites
814 1241 942 1295 mentem
997 1252 1035 1293 ne
1050 1234 1155 1291 umbre
1170 1232 1336 1290 dilectionis
1351 1230 1530 1290 sellariolist
1543 1233 1624 1290 enim
1641 1231 1771 1290 dilectio
1781 1232 1828 1288 lor

118 1322 248 1382 hominis
263 1324 421 1396 illuminet,
436 1328 647 1385 conscientium
663 1329 797 1394 mundet,
813 1327 942 1384 enimam
998 1326 1087 1391 tnnoe,
1099 1337 1165 1396 qum
1180 1339 1246 1379 cum
1263 1322 1459 1396 prosperitate
1473 1321 1600 1391 advenit,
1611 1327 1644 1380 et
1658 1320 1690 1378 in
1704 1320 1828 1378 adversi·

119 1411 261 1481 letificet,
272 1414 364 1471 Deum
378 1416 569 1473 demonstret.
583 1418 716 1474 Animem
732 1418 762 1472 in
778 1433 837 1490 qne
852 1416 945 1473 cheri·
998 1418 1058 1472 tate
1081 1412 1198 1470 recedit.
1215 1412 1281 1468 Hsec
1295 1417 1388 1468 Deum
1403 1411 1501 1485 diligit
1514 1410 1602 1468 homo
1618 1410 1771 1478 cerealis,
1786 1409 1828 1483 qni

120 1506 167 1560 tee
181 1502 295 1559 habitet
322 1504 461 1576 superbis
476 1522 534 1561 non
548 1506 641 1574 inilet,
657 1505 767 1562 invidie
783 1523 840 1562 non
857 1506 943 1562 deve·
999 1507 1089 1560 Deum
1103 1501 1204 1558 laudet
1218 1500 1400 1571 sclum‚eum
1411 1500 1634 1558 benefeceritei.
1647 1501 1701 1557 list
1714 1498 1827 1557 dilectio

120 1593 190 1661 stet,
206 1591 250 1647 ire
265 1609 322 1649 non
338 1599 431 1662 vexet,
448 1595 571 1652 avaritie
591 1612 648 1651 non
674 1599 807 1664 excecat,
824 1595 944 1652 tristitie
998 1597 1121 1661 neinrae,
1136 1608 1195 1664 qne
1210 1595 1345 1648 naturum
1365 1607 1449 1647 suum
1473 1597 1626 1662 Deumque
1651 1587 1828 1647 sensualiter

120 1680 266 1738 melnnon
283 1680 414 1754 dissipet,
426 1683 564 1757 gulunon
580 1683 942 1753 inssnmmet,luxurinnon
999 1683 1104 1756 diligit.
1117 1680 1168 1738 liet
1186 1679 1303 1738 dilectio
1327 1679 1440 1754 gretiae,
1456 1696 1520 1752 qne
1546 1678 1608 1736 solu
1632 1678 1731 1736 hebet
1755 1677 1827 1750 quod

119 1769 549 1844 coinquinetsernpermnndn
561 1778 616 1842 esi,
630 1774 942 1848 semperquiete,sem.-
1000 1774 1090 1830 [tcum
1107 1769 1211 1843 diligit,
1228 1773 1261 1825 ut
1276 1769 1305 1826 in
1322 1769 1475 1843 premium
1498 1767 1654 1825 hebeetur.
1672 1768 1778 1824 Prima
1791 1771 1829 1825 esi

101 1873 172 1932 .per
186 1863 277 1932 ceste,
288 1876 406 1934 eemper
417 1861 493 1925 tete.
505 1863 621 1936 semper
630 1863 762 1936 peoiilcu,
774 1879 889 1935 semper
897 1863 945 1919 be·
1000 1862 1150 1932 deficiens,
1166 1859 1295 1916 secundo
1309 1859 1430 1930 inciens,
1446 1859 1533 1914 tertie
1547 1857 1717 1930 perficiens.
1736 1855 1828 1913 Primi

121 1947 222 2022 nigre,
239 1965 356 2022 semper
368 1952 511 2007 modeste.
521 1953 552 2007 ln
569 1952 699 2009 adversis
713 1952 861 2021 secure,in
878 1969 945 2025 pro·
999 1956 1044 2009 est
1058 1948 1360 2017 eheritstie,secunde
1370 1945 1583 2015 sensualitatis,
1595 1946 1683 2002 tertio
1694 1945 1827 2003 rationis.

121 2037 216 2111 sperio
227 2055 284 2094 uon
298 2037 458 2096 etutn.llaec
469 2057 540 2096 crux
550 2040 714 2113 spiritualis
724 2046 871 2115 eet,quem
882 2041 945 2114 qni·
999 2040 1097 2097 Prima
1110 2038 1261 2110 lulsitetis,
1273 2037 1401 2094 secunde
1416 2035 1537 2092 humilis
1553 2035 1732 2107 peccatoris,
1749 2034 1828 2092 tertis

121 2124 193 2183 libet
215 2131 331 2200 pertore
358 2132 485 2201 tenetur,
508 2135 540 2185 nt
564 2129 692 2187 tollendo
716 2130 792 2187 benc
817 2146 945 2201 crucem,
995 2127 1152 2206 justillceti
1166 2126 1307 2185 hominis.
1323 2125 1459 2194 Ohomo,
1475 2123 1628 2182 considers
1652 2139 1748 2198 quem
1769 2121 1827 2181 dut·

121 2213 230 2271 Christi
252 2216 375 2289 vestigia
399 2224 560 2290 sequntur:
585 2221 671 2291 cujus
685 2219 809 2276 ultitudo
824 2219 947 2293 erigitur
999 2219 1042 2276 cis
1057 2222 1101 2275 eet
1117 2234 1199 2274 emor
1214 2217 1275 2289 Dei,
1291 2232 1380 2289 quem
1405 2215 1540 2287 impurus
1568 2213 1607 2270 sit
1629 2229 1717 2270 emor
1742 2213 1828 2284 hujue

25 2330 29 2339 ·
121 2302 159 2360 ud
178 2305 278 2373 Deum,
293 2305 420 2364 latitudo
436 2308 603 2365 extenditur
618 2325 711 2382 usque
727 2310 762 2366 ed
779 2309 945 2381 inimicum,
1000 2307 1110 2366 seculi.
1125 2313 1217 2364 Amor
1241 2305 1289 2363 Dei
1314 2309 1408 2363 muter
1432 2309 1477 2362 est
1500 2303 1632 2362 omnium
1658 2302 1828 2360 virtutum:

121 2389 275 2466 longitudo
292 2396 327 2450 sd
343 2397 408 2451 vilo
430 2399 602 2468 terminum,
613 2400 678 2471 eine
702 2399 886 2471 profunditas
902 2400 947 2455 di·
1000 2415 1083 2457 emor
1098 2396 1197 2454 seculi
1214 2399 1368 2453 meterent
1383 2395 1515 2453 omnium
1530 2391 1828 2466 vitiorumnpudis·

123 2479 197 2538 uine
212 2484 291 2557 sepit
306 2484 447 2543 bonitatis
471 2486 661 2544 immensum.
678 2491 745 2545 Haec
759 2493 804 2544 est
819 2487 946 2545 chorites
1000 2492 1064 2545 tum
1079 2500 1209 2543 umorem
1224 2485 1397 2558 imperfecte
1418 2488 1489 2540 sunt
1513 2479 1622 2549 omniu,
1637 2481 1718 2555 opud
1744 2478 1828 2539 illum

122 2585 187 2643 que
201 2572 345 2646 pugnanti
360 2578 405 2632 eet
419 2575 768 2651 meritum,triumphunti
781 2578 946 2652 premium,
1000 2577 1127 2652 perlecta
1142 2578 1213 2633 sunt
1227 2578 1343 2633 cuncte.

120 2773 387 2798 Ἀ

635 2980 1183 3104 ῙΝΝΟΟΕΝΤΠ
1221 2981 1321 3101 m

775 3215 928 3279 notlnlll
948 3214 1168 3278 PONTIFIGIS

217 3397 837 3556 Musnnnroenil
881 3429 1441 3557 nvnncnnrne
1484 3425 1724 3553 uncis

959 3686 995 3726 ll'r

415 3854 905 3962 ‚SACRAMENTI
968 3855 1501 3952 EUGHARISTIAE

819 4073 969 4164 LIBRI
1010 4073 1135 4166 SEX.

581 4254 667 4327 (dull.
684 4253 757 4326 Opp.
773 4253 934 4312 innocentii
950 4254 1001 4323 111,
1015 4254 1127 4327 colon,
1144 4255 1223 4326 1575,
1239 4252 1380 4325 infolio.)

770 4570 941 4667 ORDO
975 4569 1190 4668 MISSAE.

41 4922 46 4929 '
163 4920 990 4996 Sscnnnos.-lnuominePetrieetl'iliictSpiritusc
1045 4923 1194 4980 llinisrnr.
1212 4923 1336 4992 -Quie
1358 4927 1391 4980 tu
1416 4937 1459 4994 es,
1483 4925 1570 4991 Deus,
1596 4918 1736 4976 tortitudo
1758 4933 1838 4988 men,

127 5012 233 5072 uncti.
248 5042 284 5056 -
297 5013 400 5069 Amen.
1007 5027 1099 5085 quere
1124 5029 1171 5070 me
1195 5012 1342 5086 repulisti.
1354 5016 1384 5070 et
1398 5026 1490 5083 quere
1513 5009 1607 5067 trislie
1632 5006 1748 5079 incedo,
1764 5006 1839 5065 dum

164 5102 296 5162 lntroibo
312 5102 348 5160 ed
364 5101 457 5158 ultore
471 5100 534 5158 Del.
1008 5101 1113 5176 uitligit
1127 5116 1174 5160 me
1186 5100 1347 5160 iuimicus?

162 5193 310 5252 Mrnrmnr.
327 5191 524 5251 -ridDeum
544 5190 594 5264 qui
619 5190 746 5249 letificet
766 5192 952 5263 juventutem
1044 5194 1202 5248 suesanus.
1215 5220 1250 5233 -
1270 5190 1378 5247 lumine
1403 5189 1499 5246 lucem
1523 5192 1604 5244 tunm
1630 5189 1660 5243 et
1682 5183 1840 5242 ventulum

128 5298 236 5340 mecm.
1007 5284 1089 5339 tuem
1105 5298 1112 5338 :
1134 5281 1256 5353 ipsume
1266 5280 1461 5348 deduxerunt,
1473 5283 1502 5336 et
1511 5278 1698 5336 adduxerunt
1707 5274 1738 5331 in
1752 5289 1839 5332 mou·

165 5370 471 5430 sentence-iudico
482 5387 539 5439 me,
549 5370 638 5439 liene,
650 5374 680 5427 et
690 5370 821 5427 discerne
832 5385 952 5427 censum
1007 5375 1064 5426 tem
1083 5373 1218 5425 sunctum
1235 5375 1331 5437 tuum,
1347 5372 1375 5424 et
1390 5368 1419 5424 in
1434 5365 1625 5424 tsbernscnle
1640 5370 1703 5424 tue.

129 5475 224 5517 meum
241 5460 376 5532 degente
391 5478 448 5519 noo
464 5464 587 5519 eenole:
612 5460 648 5517 sb
670 5460 788 5517 homine
810 5460 913 5533 iniquo
925 5463 954 5516 et
1044 5463 1193 5516 ttrnrsrnr.
1204 5487 1239 5500 -
1253 5457 1288 5513 lit
1302 5456 1428 5514 introibo
1443 5457 1480 5512 ed
1496 5457 1587 5514 altere
1600 5453 1672 5514 Dei:
1688 5454 1725 5513 ed
1742 5456 1836 5512 mum

129 5547 231 5609 doloso
246 5565 316 5606 crue
330 5565 385 5607 ms.
1008 5547 1059 5623 qui
1074 5546 1203 5608 letilloet
1212 5546 1397 5621 juventutem
1412 5560 1519 5606 mecm.
