3796 5986
92 237 147 292 677
359 314 363 319 .
477 241 601 299 SDBMO
618 243 667 307 Vi,
686 242 724 297 IN
742 239 846 296 ODNC.
866 239 952 294 usit.
972 238 1226 295 mundanum
1246 241 1415 298 nmmos.
1746 248 1801 305 678

92 363 683 438 quiperdonumscientieeibiaSpiritu
705 362 918 420 sanctodatum
935 361 1012 430 qut
1033 362 1143 418 cumin
1168 361 1350 435 plenitudine
1379 365 1530 438 temporis,
1554 372 1636 426 sexta
1671 356 1814 432 venisset

91 452 346 513 desideriacurnis
357 457 474 513 cohibet
489 462 518 513 ει
533 455 695 527 restringit,
706 459 738 509 ut
748 453 778 509 in
794 451 919 509 vitanon
975 455 1070 521 etate,
1087 454 1169 509 aesta
1183 452 1231 509 die
1245 453 1301 511 sub
1316 452 1388 511 hora
1401 460 1491 525 sexta,
1504 473 1598 530 genus
1613 460 1801 521 redemitha·

91 542 242 616 discrepet
253 562 271 600 a
282 546 427 617 doctrina,
436 560 474 601 ne
488 544 544 601 eibi
555 541 612 617 ipsi
621 542 755 599 dicatur:
772 563 788 593 ιι
798 541 920 607 Medios,
976 555 1108 596 manum.
1123 541 1251 614 Ideoque
1270 558 1320 599 sex
1338 543 1441 601 ultima
1456 547 1542 603 verba
1562 547 1635 604 dixit
1649 549 1679 606 in
1702 567 1802 610 cruce.

97 648 171 689 cura
188 638 216 691 te
230 633 328 706 ipsum
353 636 428 708 (Luc.
444 642 501 702 rv);
516 633 567 704 qui
583 632 724 705 precinas
750 649 808 688 non
824 631 921 686 iuran·
975 627 1033 685 Vas
1044 630 1191 700 interitus,
1208 632 1285 704 quod
1302 637 1401 691 tenere
1413 634 1525 692 debetis
1541 635 1572 692 in
1588 639 1803 698 manibuavss·

92 723 180 790 dum,
201 724 323 781 luroris:
343 724 394 797 qui
417 725 504 780 doces
532 738 590 779 non
615 721 832 787 moechandum,
854 735 922 775 mm·
975 718 1046 775 stris
1064 720 1106 790 {ad
1135 720 1362 778 interimendum
1388 723 1540 795 scelestos,
1563 728 1804 800 estpontillcalis
1848 788 1852 801 ,

92 811 289 872 charisiliom.
299 824 340 883 ιι).
352 834 366 863 ιι
379 809 700 884 ProptereaVeritnsait
711 825 718 863 :
728 830 743 859 ιι
752 808 817 864 Sint
826 805 921 863 lumbi
976 808 1145 879 auctoritas,
1157 827 1247 882 quam
1262 825 1394 868 exercere
1407 811 1521 869 debetis
1532 814 1562 870 in
1578 831 1665 888 opere
1674 820 1708 874 ad
1724 819 1806 892 peri·

98 901 192 957 vestri
227 900 385 972 praecincti,
399 905 429 957 et
442 899 567 956 lucernae
582 898 718 954 ardentes
729 896 760 953 in
784 895 922 954 manibus
976 896 1258 970 mendumioiquos,
1278 900 1801 972 exemploPealmietesdicitur:nin

92 988 208 1046 vestris
227 991 304 1059 (Luc.
322 991 384 1046 rut.
401 1013 412 1039 ι
432 989 508 1045 ilinc
529 987 655 1043 transire
677 985 844 1059 precipitur
871 999 923 1056 ρεπ
976 987 1120 1043 matutino
1136 986 1344 1045 interficiebam
1355 1005 1458 1047 omnes
1475 997 1641 1064 peccatores
1660 999 1753 1068 terrae,
1768 1001 1803 1054 ut

99 1079 230 1135 mediam
245 1080 405 1150 civitatem,
425 1083 454 1134 et
469 1077 585 1151 signare
603 1075 686 1132 Tbau
701 1090 790 1147 super
812 1073 921 1130 frontes
974 1073 1174 1146 disperderem
1196 1076 1232 1132 de
1248 1077 1363 1133 civitate
1379 1078 1496 1135 Domini
1512 1097 1615 1138 omnes
1645 1090 1801 1156 operantes

92 1167 225 1224 virorum
239 1168 421 1240 gementium
432 1170 461 1223 ει
472 1164 645 1235 dolentium,
659 1164 682 1221 Τ
698 1168 743 1220 εει
758 1161 863 1219 ultime
876 1162 920 1217 tit
972 1161 1162 1235 iniquitatem
1175 1165 1339 1237 (Percote).
1357 1166 1420 1223 »De
1441 1167 1574 1227 bisensis
1590 1170 1661 1227 alibi
1673 1172 1802 1233 diciturt

94 1260 159 1313 tera
172 1257 308 1315 Hebraiei
323 1255 482 1330 alphabeti,
495 1255 663 1328 exprimens
678 1253 793 1310 forman
813 1251 919 1311 crucis.
975 1283 991 1311 ι
1002 1262 1137 1319 'retendit
1151 1279 1250 1320 arcum
1267 1280 1367 1336 suum,
1383 1270 1412 1322 et
1425 1267 1537 1338 paravit
1559 1267 1656 1341 illum,
1671 1275 1701 1327 ει
1712 1270 1743 1329 in
1767 1286 1802 1330 eo

92 1345 193 1419 qualis
207 1351 435 1418 eratantequam
445 1346 571 1402 Domino
584 1343 723 1401 crucifixo
733 1341 921 1399 Pilatustitu·
976 1349 1088 1422 paravit
1101 1367 1170 1407 vasa
1184 1352 1302 1408 mortis:
1316 1354 1514 1427 sagittaseuas
1526 1357 1696 1415 ardentibus
1706 1359 1803 1418 effecit

93 1435 157 1490 lum
177 1441 407 1507 superponeret:
423 1451 510 1507 quam
525 1437 553 1490 et
577 1431 699 1506 sanguis
713 1431 781 1505 agni
806 1430 921 1504 positus
975 1439 1271 1510 (Psol.v1q.»vobia
1295 1457 1363 1516 argo
1383 1443 1567 1516 precipitur:
1592 1448 1725 1505 Transito
1750 1465 1803 1524 ρεπ

92 1529 478 1598 superatrumquspostem,
494 1528 523 1580 et
538 1525 567 1579 in
583 1519 862 1596 superliminaribus
872 1520 922 1577 do·
975 1527 1104 1585 mediam
1119 1529 1278 1604 civitatem,
1289 1536 1447 1604 soquentes
1460 1550 1538 1602 eum,
1556 1552 1709 1593 summum
1721 1536 1801 1596 vidq.

92 1629 212 1670 morum
225 1613 348 1670 mirifice
370 1612 552 1686 designabat.
579 1615 640 1667 Hoc
665 1611 784 1683 signum
800 1608 920 1682 gerilln
973 1615 1249 1687 licetsuoerdotqm,
1270 1620 1354 1693 quasi
1370 1621 1487 1694 ducem,
1504 1623 1677 1698 prinoipem,
1693 1630 1801 1686 eim..

93 1701 204 1772 fronte,
220 1702 269 1774 qni
292 1702 431 1758 virtutem
455 1700 550 1756 crucis
572 1701 697 1757 ostendit
715 1698 866 1770 inopere:
888 1700 921 1753 ul
935 1740 961 1807 B
974 1705 1799 1790 gistrum,utpercutiatisinterdicendoetauspendando,

89 1792 178 1863 juxta
201 1793 279 1863 quod
296 1791 366 1847 dicit
390 1789 544 1862 Apostolus
562 1807 569 1846 :
586 1811 600 1838 «
624 1788 781 1861 Gruoillgct
802 1802 921 1844 curnem
975 1799 1255 1856 excommunicando
1270 1805 1299 1855 et
1320 1801 1504 1873 deponendo,
1520 1809 1606 1875 prout
1621 1805 1714 1878 culpa
1730 1822 1802 1878 qua·

92 1897 180 1936 sunm
207 1897 274 1936 cum
300 1880 377 1936 vitiis
406 1885 435 1935 et
463 1877 709 1950 concupiscentiis
731 1876 809 1947 (Gal.
833 1882 881 1945 vt)
905 1896 921 1928 ⁹
974 1884 1043 1942 litas
1058 1887 1258 1958 postulaverit,
1275 1904 1391 1945 omnem
1406 1894 1801 1964 superquemnoninvenc·

92 1979 231 2049 idemque
245 1978 456 2051 cumApostolo
473 1978 569 2034 dicat:
586 1997 601 2026 ιι
616 1975 689 2033 Mihi
701 1974 780 2032 absit
789 1973 922 2048 gloriari,
976 1974 1133 2032 ritisThau
1148 1976 1298 2049 signatum
1313 1976 1435 2050 abipso,
1452 1979 1503 2050 qui
1523 1979 1643 2053 claudit,
1658 1986 1687 2038 et
1711 1998 1799 2042 nemo

92 2066 153 2123 nisi
169 2067 199 2122 in
214 2082 299 2124 cruce
314 2066 430 2122 Domini
447 2065 540 2121 nostri
554 2065 625 2121 Jeau
636 2062 755 2131 Christi,
771 2078 920 2135 perquem
975 2063 1250 2137 aperit;aperit,et
1270 2066 1580 2142 nemoclaudiiffipoc.
1598 2072 1651 2140 ιιι).
1668 2071 1799 2145 signatis
1866 2060 1870 2071 ’

92 2154 306 2212 mihimundue
326 2155 482 2211 crucifixus
507 2157 563 2220 eet,
581 2159 611 2210 et
625 2169 692 2224 ergo
718 2154 827 2209 mundo
848 2149 919 2219 (Gal.

91 2245 145 2316 vr.)
161 2265 176 2294 ιι
192 2243 277 2302 Tales
293 2245 423 2316 protecto
438 2242 537 2299 dolent
551 2247 579 2298 et
598 2246 721 2315 gemunt
735 2258 825 2315 super
846 2257 920 2298 cun·

92 2333 148 2390 ctis
163 2333 444 2401 abominationibus,
455 2348 521 2404 quas
536 2332 613 2388 fiunt
624 2331 653 2387 in
666 2330 764 2387 medio
778 2330 919 2389 civitatis:

92 2422 166 2495 quia
180 2427 300 2495 peccata
324 2421 526 2495 proximorum
540 2419 660 2477 frixoria
678 2423 749 2477 sunt
758 2420 919 2493 justorum.

92 2543 108 2573 ι
118 2520 201 2589 Quis,
214 2521 312 2594 inquit
326 2518 676 2593 Apostolusiulirmstcr,
696 2523 725 2575 st
744 2533 861 2591 egonon
877 2518 921 2574 io·

975 2152 1053 2208 enim
1070 2155 1235 2212 nocendum
1245 2171 1302 2212 non
1318 2159 1374 2223 eet,
1385 2157 1472 2228 juxta
1482 2159 1559 2230 quod
1576 2159 1647 2216 alibi
1671 2160 1798 2219 dicitur:

976 2272 990 2300 ιι
1006 2249 1101 2307 Nolite
1116 2268 1221 2308 nocere
1250 2257 1345 2320 terre,
1374 2270 1467 2325 neque
1482 2255 1567 2326 mari,
1584 2272 1679 2329 neque
1689 2257 1803 2317 arbori·

973 2335 1041 2406 bus,
1067 2341 1260 2411 quoadusque
1288 2341 1441 2413 signemus
1465 2358 1565 2399 servos
1583 2343 1631 2399 Dei
1647 2345 1742 2402 nostri
1767 2345 1798 2403 io

975 2427 1122 2484 frontibus
1151 2430 1455 2502 eorumllpoc.1v11).
1475 2436 1538 2488 ιῦε
1560 2431 1673 2490 cacteris
1700 2439 1799 2493 autem

975 2515 1097 2573 dicitur:
1110 2540 1125 2567 ιι
1141 2517 1257 2574 Nemini
1273 2522 1372 2591 parcat
1382 2519 1486 2575 ocutus
1501 2525 1596 2577 vester
1613 2521 1704 2582 (Eua.
1719 2526 1772 2594 rx),
1782 2544 1799 2576 ε

93 2610 220 2668 tirmori
245 2610 313 2684 quis
342 2609 600 2668 scandalizaturet
619 2624 673 2682 ego
705 2625 762 2664 ooo
787 2606 880 2663 urori
903 2629 918 2658 ιι
976 2608 1007 2660 υι
1023 2621 1081 2662 non
1097 2605 1137 2662 sit
1150 2606 1180 2661 in
1197 2606 1279 2662 robis
1292 2622 1486 2680 personarum
1502 2608 1642 2682 acceptio,
1668 2610 1799 2670 recolen-

93 2701 119 2773 (1
132 2700 195 2758 Cor.
207 2701 260 2773 ιι.)
279 2699 331 2756 Vir
353 2715 421 2771 ergo
451 2699 573 2756 vestitus
596 2697 683 2755 lineis
712 2696 823 2754 habens
845 2700 921 2754 atra·
973 2694 1054 2752 tibus
1069 2694 1143 2752 illud
1168 2695 1246 2768 quod
1268 2695 1382 2769 lloyees
1403 2695 1512 2770 legitor
1534 2697 1644 2756 dixisse
1670 2699 1798 2761 Levitis:

94 2789 274 2846 monterium
297 2787 449 2861 scriptoris
468 2788 504 2843 ad
525 2802 609 2843 renea
624 2787 711 2842 debet
724 2785 849 2842 transire
869 2801 920 2859 ρεπ
975 2806 989 2834 ιι
1003 2782 1033 2840 Si
1049 2783 1115 2854 quis
1131 2789 1175 2842 εει
1194 2784 1321 2854 Domini,
1346 2785 1492 2858 jungatur
1518 2785 1604 2846 mihi.
1636 2788 1728 2846 Ponat
1752 2790 1800 2849 vir

98 2877 225 2935 medinm
246 2877 406 2946 civilatem,
430 2881 460 2932 et
475 2876 591 2950 signare
607 2875 689 2931 Thau
703 2891 793 2948 super
807 2873 919 2931 frontes
973 2872 1105 2946 gladium
1121 2875 1314 2946 superiemur
1327 2891 1427 2931 suum.
1444 2876 1496 2942 lte,
1507 2879 1536 2932 ει
1548 2877 1641 2934 redite
1655 2879 1692 2935 de
1714 2882 1800 2952 porta

90 2967 223 3023 virorum
248 2966 430 3039 gementium
455 2970 484 3022 et
506 2965 667 3021 dolentium
689 2980 779 3037 super
803 2962 919 3022 cunctis
974 2978 1068 3035 usque
1080 2964 1117 3019 ad
1128 2969 1242 3037 portam
1260 2980 1310 3038 ρεπ
1321 2963 1636 3036 mediumcnetrorum,
1648 2972 1677 3024 ει
1686 2967 1800 3028 occidat

91 3054 373 3126 abominationibus,
398 3070 462 3126 que
487 3052 817 3126 fiuntinmedioejus;
843 3068 918 3125 quo·
974 3051 1182 3125 unusquisque
1211 3052 1341 3125 tratrem,
1367 3057 1396 3110 et
1414 3052 1554 3126 amicum,
1584 3059 1612 3112 et
1631 3057 1799 3130 proximan

92 3144 173 3201 niam
196 3160 334 3201 summus
353 3143 493 3216 pontifex,
510 3142 561 3215 qui
585 3159 675 3214 super
689 3143 811 3198 domurn
827 3113 953 3199 larirelC
972 3156 1073 3197 suum.
1089 3140 1690 3214 FeceruntqueiiliiLevijuxtasermonem
1704 3147 1798 3224 Moysi

92 3234 272 3291 constitutus
287 3237 333 3289 est
347 3231 526 3304 speculator,
542 3231 670 3287 transire
686 3232 774 3288 debet
788 3246 840 3303 per
852 3230 917 3288 unl·
972 3230 1068 3303 (Exod.
1085 3232 1185 3304 mn).
1198 3253 1212 3282 ιι
1229 3231 1469 3290 accessibiliter
1484 3234 1615 3291 sacietas.
1641 3241 1730 3296 Porro
1753 3237 1798 3298 alc

92 3338 209 3381 versam
226 3321 396 3391 Ecclesiam,
420 3338 485 3394 que
508 3325 554 3379 εει
577 3319 681 3376 civitas
706 3320 784 3392 regie
808 3318 917 3391 magni,

95 3410 199 3467 civitas
215 3409 311 3483 posita
334 3426 425 3482 supra
448 3417 587 3478 montem,
603 3406 808 3480 investigando
827 3411 857 3463 ει
871 3407 918 3464 in·

96 3497 241 3570 quirendo
252 3498 357 3554 merita
370 3496 569 3570 singulorum:
586 3510 622 3552 oe
632 3496 847 3552 dioaotbonum
858 3512 919 3553 ma-

89 3588 174 3655 bum,
185 3588 230 3643 vel
242 3587 353 3644 mulum
365 3587 476 3643 bonum
487 3607 495 3658 ;
506 3602 542 3643 ne
551 3590 662 3659 ponant
673 3586 808 3642 tenebras
821 3584 916 3642 lucem

90 3683 120 3732 ει
145 3676 239 3733 lucem
268 3677 405 3733 tenebras
431 3677 496 3745 (lau.
521 3686 614 3745 v);oe
645 3673 824 3732 mortificent
853 3674 916 3730 ani·

94 3782 160 3822 mas
175 3782 238 3838 quas
253 3766 499 3833 nonmoriuntur,
509 3763 712 3821 autviviilcent
726 3763 841 3821 animae
852 3780 916 3837 qua

88 3863 256 3920 nonrivunt
267 3863 375 3920 (doech.
385 3880 415 3919 ιι
425 3866 445 3937 ).
461 3863 579 3930 Etideo,
591 3866 624 3918 ut
638 3861 803 3935 distinguat
814 3867 843 3919 ει
857 3861 918 3921 dis·

87 3956 189 4009 cernat
204 3951 362 4009 interillos
383 3959 412 4008 et
428 3953 501 4009 istos
523 3951 610 4009 debet
624 3951 739 4024 signare
753 3952 835 4007 Thau
864 3968 915 4008 su·

87 4057 142 4115 per
155 4043 266 4099 frontes
280 4042 410 4099 virorum
426 4047 455 4098 et
469 4041 643 4109 dolentium,
653 4044 800 4113 qnatenus
813 4044 915 4098 ostan-

87 4131 141 4187 dat
153 4147 214 4203 eos,
230 4132 281 4204 qui
291 4130 392 4189 dolent
405 4136 434 4188 et
449 4134 573 4204 gemunt
586 4145 677 4202 super
690 4129 915 4186 abominationi·

86 4220 145 4278 bue
157 4237 221 4294 que
237 4222 265 4278 in
278 4221 374 4278 medin
386 4220 522 4279 Doclcsiae
542 4221 756 4292 perpetrantur,
781 4218 914 4293 signatos

88 4326 156 4368 csse
175 4309 257 4367 Thou
283 4311 312 4365 in
337 4309 571 4367 lrcntibneeuis.
594 4307 679 4364 Tales
704 4307 833 4380 prolecto
861 4324 914 4380 pro

88 4398 177 4472 culpa
191 4400 303 4473 dolent,
319 4406 347 4457 et
362 4417 414 4473 pro
425 4399 547 4456 infamia
562 4403 683 4470 gemunt
693 4413 782 4470 ευρεπ
798 4398 914 4456 eberm-

972 3321 1126 3392 percutite,
1156 3325 1189 3376 ut
1208 3320 1330 3390 sanetis,
1346 3321 1388 3376 sio
1414 3321 1603 3391 occidite,'ut
1624 3324 1795 3386 vivificetis:

971 3409 1037 3480 ejus
1051 3407 1183 3481 exemplo
1198 3409 1249 3481 qui
1270 3408 1329 3465 ait:
1345 3408 1405 3482 Ego
1423 3409 1566 3480 occidam,
1584 3416 1614 3468 ει
1632 3428 1686 3487 ego
1699 3414 1797 3474 vivers

972 3497 1076 3555 faciam
1094 3514 1101 3555 :
1118 3497 1293 3571 percutiam,
1315 3501 1344 3553 et
1358 3513 1410 3570 ego
1431 3500 1542 3557 sanabo
1568 3501 1794 3577 mentuunt.»

970 3627 1006 3639 -
1020 3619 1034 3649 ιι
1047 3596 1113 3652 Dte
1131 3595 1300 3654 sanctuario
1315 3611 1391 3668 meo,
1406 3595 1523 3670 iniquit,
1543 3596 1663 3673 incipite
1686 3600 1794 3665 (Bacch.

971 3693 1021 3757 ιι).
1039 3708 1104 3738 ιι-
1120 3706 1134 3739 ι
1149 3687 1278 3759 Tempus
1288 3686 1367 3743 enim
1377 3690 1432 3755 est,
1447 3685 1633 3746 sicutbcatua
1643 3689 1795 3764 apostolus

970 3777 1021 3847 aii,
1037 3786 1068 3835 ut
1086 3776 1233 3850 J‘udicium
1263 3774 1382 3849 incipiat
1399 3792 1416 3832 a
1437 3777 1524 3833 domo
1541 3777 1658 3835 Domini
1679 3776 1790 3838 (ll’ctr.

970 3867 1050 3941 ιη.»
1073 3867 1146 3925 Nam
1166 3865 1303 3923 omnisin
1319 3864 1427 3938 populo
1451 3866 1617 3940 corruptela
1644 3867 1793 3943 principa·

969 3956 1037 4014 liter
1055 3956 1185 4030 procedit
1200 3954 1325 4011 aclero:
1348 3954 1419 4027 quia
1438 3977 1452 4005 ιι
1468 3955 1494 4012 si
1513 3957 1662 4024 sacerdos,
1677 3957 1728 4030 qul
1748 3961 1794 4015 εει

969 4049 1086 4115 unctus,
1094 4042 1267 4118 peccaverit,
1278 4042 1348 4098 iacit
1358 4041 1528 4116 delinquere
1539 4043 1680 4116 populum
1693 4046 1793 4108 (ιεειι.

969 4135 1028 4209 ιν);
1045 4156 1060 4185 ιι
1082 4133 1191 4207 quippe
1215 4132 1287 4189 dum
1300 4131 1365 4188 iaici
1382 4130 1483 4187 vident
1504 4131 1631 4204 turpiter
1650 4135 1680 4190 ει
1705 4148 1794 4191 enor-

970 4224 1056 4280 miter
1070 4223 1252 4292 excedentes,
1269 4224 1296 4276 et
1312 4218 1369 4291 ipsi
1383 4235 1484 4276 eornm
1500 4219 1795 4293 exemploadiniqui·

968 4317 1059 4369 tatem
1085 4316 1114 4369 et
1142 4310 1252 4367 scelera
1268 4307 1471 4383 prolabuntur.
1489 4309 1793 4383 Cumquereprebea·

968 4402 1081 4458 duntur
1095 4400 1131 4458 ab
1148 4398 1258 4472 aliquo,
1278 4397 1414 4472 protinus
1433 4414 1464 4454 ee
1478 4400 1629 4467 excusent,
1644 4398 1792 4455 dicentes:
1857 4436 1860 4441 -

87 4489 268 4555 nationibus,
284 4507 348 4560 qus
363 4491 439 4546 iinnt
454 4489 484 4545 in
496 4489 591 4545 medio
602 4487 748 4557 civitatis3
775 4488 915 4560 quoniam
930 4488 955 4555 D
970 4521 985 4550 ιι
998 4498 1061 4556 Non
1077 4502 1172 4571 potest
1188 4495 1266 4553 iilius
1281 4495 1386 4564 iacere,
1399 4493 1457 4553 nisi
1472 4495 1550 4568 qnod
1564 4493 1671 4553 viderit
1680 4498 1793 4568 patrem
1867 4488 1871 4493 ’

86 4577 118 4633 in
132 4582 247 4635 tautum
260 4579 324 4650 jam
341 4579 484 4651 processit
503 4576 694 4644 abominatio,
719 4577 797 4649 quod
821 4581 851 4634 at
868 4579 913 4634 in·

85 4668 174 4726 samis
185 4675 230 4727 est
241 4670 339 4743 culpa,
354 4677 384 4727 et
398 4675 443 4728 est
457 4669 545 4742 culpa
570 4669 702 4725 infamia.
731 4668 813 4726 Unde
828 4669 854 4726 ei
869 4670 913 4726 io·

87 4755 914 4833 derimuestudioaeparientem,sicutpropbcteprooipi

84 4853 136 4903 tur
149 4848 257 4919 (nect.
274 4847 507 4918 xu),videbimus
521 4846 756 4904 abominationes
773 4847 915 4918 majores,

81 4934 321 4994 abominationes
332 4940 567 5011 pessimae‚quns
584 4934 718 4992 nonnulli
734 4941 869 4993 exercent
882 4937 912 4993 in

86 5025 205 5099 templo.
218 5027 275 5083 Sex
285 5026 337 5081 viri
353 5026 494 5083 babentes
507 5043 576 5082 vasa
590 5024 730 5081 interitus
751 5025 913 5098 unusquis·

86 5114 185 5186 quein
202 5131 292 5171 manu
313 5131 378 5184 sue,
401 5132 451 5171 vos
464 5130 528 5172 esse
544 5114 657 5172 debetis
676 5113 729 5169 viri
751 5113 911 5171 virtutum:

87 5227 138 5269 sex
153 5211 273 5285 quidem
288 5217 406 5286 propter
420 5213 536 5269 numeri
551 5216 781 5284 sacramentum,
804 5217 837 5269 υι
849 5229 914 5286 ρει·

87 5300 152 5359 lecti
168 5303 234 5358 sitis
245 5302 274 5358 in
286 5318 371 5375 opere
383 5319 415 5360 ac
435 5318 586 5359 sermone:
605 5302 740 5359 senarius
761 5302 839 5359 enim
855 5319 912 5360 nu·

87 5406 187 5448 merus
202 5397 247 5447 est
263 5393 418 5464 perlectus,
435 5408 467 5448 eo
483 5393 562 5464 quod
579 5391 754 5448 reddituras
770 5390 834 5448 auis
850 5408 914 5465 par·

84 5478 169 5537 tibus
185 5481 362 5554 aggregatis.
379 5482 460 5536 Unde
476 5484 557 5536 sexta
571 5480 618 5537 die
633 5478 753 5553 perfecit
766 5479 844 5537 Deus
858 5497 914 5538 ειε-

84 5566 151 5627 lam
165 5572 195 5627 ει
213 5575 333 5644 terram,
348 5574 378 5626 et
391 5585 509 5627 omnem
524 5573 662 5627 ornatum
673 5584 775 5627 eorum
785 5568 862 5643 (Gen.
877 5571 910 5645 a).

968 4589 1125 4645 facientem
1146 4584 1294 4657 (loon.v);
1315 4606 1330 4634 ιι
1345 4586 1392 4641 ει;
1409 4606 1424 4634 ιι
1448 4582 1562 4640 Sufficit
1586 4583 1744 4659 discipulo,
1767 4583 1794 4642 ai

967 4676 1007 4733 sit
1019 4675 1096 4732 sicut
1116 4672 1255 4746 magister
1273 4672 1454 4745 ejusfflottlr.
1470 4682 1509 4742 a).
1524 4695 1540 4725 ι
1556 4671 1714 4747 impletum
1748 4676 1795 4731 εει

967 4764 1041 4821 illud
1064 4762 1268 4836 propheticum
1287 4779 1294 4819 :
1312 4783 1326 4813 ιι
1343 4761 1403 4818 Drit
1428 4761 1507 4819 sicut
1529 4761 1667 4836 populus,
1687 4760 1731 4819 aio
1744 4777 1793 4819 εε·

968 4854 1071 4912 cordos
1086 4852 1156 4925 (Oce.
1174 4851 1213 4924 iv)
1227 4868 1234 4907 :
1250 4872 1265 4902 ιι
1287 4849 1430 4923 quinimo,
1446 4874 1461 4902 «
1473 4851 1621 4921 erubesce,
1634 4850 1734 4919 Sidon,
1751 4849 1794 4908 alt

968 4941 1263 5015 marcilianum.»
1292 4940 1368 4996 Hinc
1392 4939 1481 4996 ctiam
1502 4938 1580 4998 mala
1598 4942 1794 5012 provenerunt
1864 4958 1885 4991 ,-

967 5033 996 5088 in
1007 5030 1115 5106 populo
1125 5029 1303 5087 Christiano.
1313 5028 1391 5086 Perit
1400 5028 1482 5098 fides,
1492 5026 1790 5101 religiodct'ormatur,

967 5121 1089 5179 libertas
1103 5119 1303 5190 contunditur,
1317 5118 1434 5189 justitia
1451 5116 1647 5182 conculcetur,
1663 5112 1792 5172 haeretici

966 5210 1126 5284 pullulant,
1137 5209 1319 5267 insolescunt
1330 5207 1521 5278 schismatici,
1537 5204 1639 5279 perfidi
1655 5202 1792 5274 seviunt,

966 5301 1126 5374 prevalent
1139 5298 1274 5372 Agareni,
1290 5302 1330 5354 De
1346 5296 1472 5354 transitu
1483 5298 1581 5352 alitem
1589 5291 1718 5351 aeternali
1731 5292 1792 5352 Dc·

966 5391 1085 5448 minue:
1102 5412 1117 5441 ιι
1128 5388 1208 5446 Βεειι
1217 5392 1288 5445 ευυι
1302 5386 1376 5443 servi
1386 5384 1441 5451 ilii,
1451 5398 1523 5455 quos
1537 5381 1725 5441 cumvenerit
1733 5379 1792 5441 Do·

966 5479 1076 5548 minua,
1093 5477 1237 5534 invenerit
1249 5475 1414 5548 vigilantes.
1425 5471 1705 5542 Amemdioovobie,
1721 5468 1793 5543 quta

967 5566 1126 5643 precinget
1135 5581 1178 5634 es,
1187 5572 1216 5623 et
1227 5561 1385 5622 iacietiltoe
1393 5560 1589 5634 discumbere,
1600 5567 1630 5620 ει
1643 5559 1793 5620 immicos
