3804 5992
8 1024 12 1029 .
88 969 330 1036 miscricordiam,
341 971 389 1026 sed
407 970 442 1026 ad
459 970 553 1026 iram:
571 987 624 1028 nec
639 972 674 1027 ad
691 972 916 1044 benignitatem,

11 2960 14 2965 '
94 2955 127 3009 tu
143 2953 221 3024 quis,
238 2969 280 3021 es,
292 2953 341 3024 qui
355 2957 464 3012 audeas
479 2957 503 3013 ci
520 2957 636 3015 dicero:
654 2959 823 3023 dominans
839 2961 867 3014 in
877 2960 893 3028 i
909 2980 920 2994 ·

1 3062 3 3067 ·
98 3056 167 3098 rore
180 3050 227 3098 too
241 3059 344 3113 arquos
355 3046 366 3099 l
379 3048 446 3114 Cur,
462 3044 569 3118 inquit,
583 3047 799 3120 objectionibus
816 3065 861 3104 ms
876 3048 918 3103 la·

3 252 6 257 ·
88 214 145 277 “⁷
574 217 784 277 nicoenum
801 221 841 276 111
859 219 963 277 PAPB
980 220 1166 281 ornacum
1185 225 1308 283 nunu.
1747 218 1806 277 Μ

87 342 160 418 gito,
172 341 291 401 dicens:
307 341 419 400 Salvom
432 358 478 401 me
490 344 537 416 foc
548 347 660 418 propter
687 343 911 403 mesericordiam
925 347 953 416 A
967 349 1101 420 corripias
1122 366 1178 407 me.
1192 350 1360 408 Secundam
1374 349 1498 407 alteram
1513 347 1646 406 dieitun=
1673 348 1806 416 Domine,

88 440 174 491 laam.
192 434 228 488 lu
242 448 321 506 ergo,
337 432 464 503 Domine,
480 450 514 491 rra
539 437 569 491 in
591 437 636 491 iro
661 437 709 491 iao
731 451 838 508 arquos
860 450 915 504 me,
969 453 1004 493 nc
1019 441 1049 493 ire
1063 440 1108 495 iro
1122 445 1173 495 tao
1187 456 1287 511 arquos
1301 456 1352 500 me.
1367 441 1498 511 requeis
1516 441 1613 510 furora
1638 443 1693 493 tao
1717 436 1805 493 corri-

87 539 176 597 neqae
191 521 221 578 in
238 523 333 593 surore
355 527 402 579 tuo
425 526 560 596 corripias
575 541 625 582 me.
644 525 695 581 Dic
719 525 802 594 mihi,
819 541 916 597 open·
968 519 1034 593 pios
1049 538 1101 577 mc.
1118 521 1262 587 Quoniam
1278 538 1313 578 ex
1326 521 1424 578 Graeco
1447 523 1527 577 luror
1550 519 1628 576 idern
1654 523 1706 575 eet
1728 519 1807 590 quod

7 598 10 605 ¹
87 616 179 681 sator,
195 610 247 684 qui
269 611 483 685 indulgentiam
506 615 657 670 desideras
674 614 841 687 promereri,
858 631 918 687 qua
970 609 1026 678 ira,
1043 611 1120 666 unde
1147 617 1307 683 utrumque
1328 609 1438 683 legitur
1460 608 1491 665 in
1513 608 1692 682 scripturis,
1709 612 1742 664 et
1764 608 1807 664 ira

87 700 200 763 ratione
220 701 376 774 praesumis
397 702 524 773 proliteri
540 703 570 758 in
586 703 650 776 ipso
666 708 723 760 Deo
739 703 813 759 iram
828 708 857 760 et
872 705 917 759 lu·
971 698 1128 771 luroris‚et
1142 701 1223 756 luror
1238 699 1676 757 irra.Porrodioendoiurorem
1691 696 1807 755 stiram

87 806 184 848 rorem
200 807 275 857 ease,
287 791 411 847 dicendo
428 809 435 848 :
452 792 669 859 dominareris
688 792 735 850 ira
751 801 800 849 tao
815 808 918 862 arquos
972 787 1008 844 de
1021 787 1090 854 Deo,
1109 805 1166 844 uon
1182 789 1316 862 signillco
1332 789 1469 845 affectum
1480 786 1607 859 alicujus
1618 784 1807 842 turbationis

86 894 141 948 me,
156 895 245 952 neque
259 882 289 935 in
303 883 397 952 lurore
410 889 456 937 tao
472 884 609 954 corripias
622 899 688 943 mc.-
710 899 777 938 curn
803 899 860 939 non
881 881 918 938 ad
972 876 1002 932 in
1018 893 1063 945 eo,
1080 878 1116 934 ds
1140 894 1199 950 quo
1224 895 1282 934 non
1307 882 1432 951 possunt
1446 879 1514 942 ista,
1529 875 1587 932 nisi
1603 875 1746 932 divinam
1760 890 1807 930 es·

973 970 1099 1024 sentiam
1116 967 1292 1040 predicare;
1309 965 1714 1040 sadoonsignilicoeliectum
1725 963 1809 1020 vabe-

88 1059 140 1116 sed
156 1060 192 1114 od
209 1058 337 1114 lurorcm
354 1059 446 1116 soleat
459 1060 622 1131 provocari,
638 1061 690 1132 qui
714 1060 797 1116 audit
812 1076 843 1116 se
858 1060 919 1116 ira·
973 1056 1080 1112 mantis
1091 1057 1269 1114 turbationis
1284 1057 1314 1112 in
1329 1055 1460 1122 bomine,
1470 1055 1500 1110 in
1515 1070 1605 1129 quem
1617 1052 1731 1110 merito
1743 1068 1806 1125 pso·

90 1147 232 1215 cundum,
248 1147 361 1204 censeri
376 1154 473 1204 autern
490 1150 579 1205 etiarn
596 1149 789 1205 furibundum
807 1165 814 1204 ε
844 1165 918 1221 quo·
973 1152 1105 1202 catorum
1116 1163 1238 1202 suorum
1252 1146 1323 1202 talia
1337 1151 1518 1203 exercentur.
1528 1143 1607 1202 Dicit
1622 1159 1699 1215 crgo
1716 1142 1809 1215 panni·

95 1236 174 1293 niem
186 1237 241 1293 boo
252 1237 434 1294 videturnon
445 1239 481 1294 ad
492 1238 627 1312 gloriam,
640 1239 689 1296 sed
706 1239 741 1294 ed
758 1238 917 1310 injuriaml
972 1239 1038 1292 tens
1054 1251 1062 1291 ι
1087 1237 1210 1302 Domine,
1225 1235 1276 1308 qui
1300 1235 1399 1293 omnia
1414 1241 1507 1308 potes,
1522 1236 1569 1290 cui
1587 1232 1665 1289 nibil
1683 1231 1808 1289 omnino

91 1351 149 1392 nou
165 1336 200 1391 ad
216 1334 347 1402 laudem,
361 1336 411 1391 ssd
428 1335 464 1391 ad
479 1336 658 1409 vituperium
675 1337 852 1393 redundare.
867 1337 917 1393 lti-
973 1323 1094 1391 ῐθθῑθῖὶῑ,
1109 1341 1144 1382 '²⁶
1156 1341 1257 1397 stow
1271 1341 1315 1382 me
1326 1326 1358 1381 in
1371 1326 1416 1381 ira
1429 1330 1488 1392 tuo,
1504 1324 1533 1380 id
1547 1327 1594 1380 δεῖ
1608 1339 1645 1379 nt
1664 1337 1717 1378 1110
1729 1321 1807 1393 iudi·

89 1439 170 1482 toros
185 1424 292 1481 saltem
309 1442 316 1481 :
332 1430 373 1484 Ne
388 1443 489 1499 arquos
504 1442 547 1483 me
561 1429 592 1482 in
608 1426 662 1495 iro.
678 1443 767 1499 nequa
781 1429 921 1499 interere
974 1432 1032 1484 cas,
1048 1419 1077 1471 et
1091 1415 1246 1472 convincas
1261 1416 1297 1471 ad
1311 1414 1405 1471 inetur
1420 1413 1498 1479 irati,
1513 1414 1562 1488 qui
1574 1413 1613 1469 ob
1628 1411 1752 1469 illatam
1767 1409 1812 1467 in·

88 1514 235 1586 ρογγίρίω,
252 1515 332 1571 ulad
350 1516 492 1588 mgjorgm
520 1515 739 1589 gxppgggiongm
757 1534 814 1572 non
831 1516 920 1574 adde.
971 1505 1081 1578 jtll'itlm
1106 1505 1323 1578 praecogiiflillm
1347 1502 1507 1561 Vindicium
1531 1503 1637 1559 nstitui·
1656 1515 1808 1559 exomm-

89 1617 148 1671 res,
161 1604 191 1659 in
204 1606 253 1660 too
264 1604 410 1672 videlicet,
421 1604 465 1661 vel
478 1605 510 1661 in
524 1609 571 1661 tao
583 1624 596 1672 ,·
608 1607 677 1677 qnia
698 1605 798 1662 minus
821 1606 921 1663 forsan
974 1596 1065 1667 Nilne
1078 1595 1212 1666 ⁶07²'2'P1'ai
1225 1609 1269 1650 ’Μ
1284 1593 1314 1648 fn
1326 1595 1422 1666 surm
1435 1597 1494 1662 ’Μ’
1510 1591 1540 1648 id
1556 1595 1602 1648 0⁸2
1621 1607 1661 1648 ¹¹⁰
1686 1606 1735 1646 ΨΘ
1758 1606 1810 1662 lm·

89 1691 274 1750 horresceret
282 1692 465 1764 intellectus,
477 1702 504 1752 ct
514 1694 610 1767 magis
621 1694 779 1752 sustineret
789 1695 919 1759 auditus.
975 1685 1040 1742 ¹¹5⁸!
1049 1687 1077 1740 ⁰1
1086 1683 1226 1757 flagelles·
1239 1699 1319 1740 ¹11⁰1‘0
1330 1681 1465 1751 surflssfiflr
1476 1680 1527 1754 (lui
1537 1678 1712 1737 Whifflflnti
1728 1678 1807 1736 iudi·

90 1780 115 1839 si
129 1781 185 1839 hor
199 1781 311 1840 diceres
322 1785 435 1856 absque
449 1783 510 1841 illo,
523 1785 593 1851 Quis
608 1783 686 1841 enim
709 1800 787 1841 nuno
802 1801 868 1841 vere
884 1785 920 1840 fl·
974 1774 1112 1849 gnations
1126 1777 1290 1830 commotus
1303 1776 1426 1829 conatur
1440 1771 1589 1827 effundere
1601 1773 1701 1827 totam
1713 1769 1806 1825 iram:

93 1869 169 1929 delia
183 1873 389 1944 equanimiter
402 1874 475 1929 leret
489 1879 519 1931 el
532 1874 677 1946 patienter
689 1874 833 1931 auscultet
845 1871 920 1932 iuro'
974 1874 1045 1946 quia
1067 1873 1092 1929 si
1114 1872 1277 1930 secundum
1302 1872 1478 1944 exigentiam
1508 1869 1689 1928 meritorum
1718 1866 1805 1927 velles

92 1976 155 2018 rem
176 1966 206 2017 et
228 1963 303 2017 iram
321 1963 443 2018 Domino
465 1981 519 2021 suo
544 1964 663 2030 ascribi,
680 1965 817 2034 maxims,
831 1980 919 2036 quem
974 1979 1060 2037 agore
1074 1979 1200 2033 mecum,
1212 1963 1341 2036 prolecto
1352 1977 1409 2018 non
1421 1976 1538 2034 possam
1554 1959 1727 2016 subsistere
1742 1963 1807 2014 ente

3 2070 6 2077 ·
93 2050 286 2113 mitissimum
295 2057 325 2108 et
336 2052 583 2125 benignissimum
595 2070 660 2111 esse
671 2054 769 2110 noviti
780 2058 921 2111 Praeterea
975 2053 1079 2110 inciam
1095 2052 1144 2108 ira
1158 2056 1225 2117 tua.
1236 2068 1289 2109 nac
1300 2052 1442 2124 impeturn
1458 2049 1606 2107 sustinere
1622 2048 1738 2105 iuroris
1751 2046 1803 2115 tui,

93 2155 159 2196 curn
183 2146 264 2212 petas
289 2141 357 2197 alibi
383 2142 419 2198 ab
442 2142 516 2198 illo:
541 2147 573 2198 ln
597 2144 713 2200 veritate
737 2153 798 2211 ereo,
817 2143 922 2201 csoadi
975 2158 1042 2200 curn
1068 2147 1128 2197 tam
1156 2142 1290 2198 mullaet
1305 2157 1422 2214 magna,
1436 2139 1568 2196 enormia
1583 2142 1614 2195 et
1628 2136 1806 2211 graviasint

94 2245 148 2297 me,
161 2228 193 2285 ia
214 2235 265 2286 tao
287 2230 395 2299 iustitia
418 2231 508 2303 (Ptol.
525 2234 620 2305 cruri),
636 2241 665 2289 et
686 2233 733 2289 bic
749 2233 854 2289 dicas:
881 2237 921 2290 lle
975 2237 1105 2305 peccata,
1122 2232 1243 2298 scelera,
1259 2231 1365 2288 delicta
1388 2235 1418 2287 st
1441 2229 1566 2286 crimina
1590 2244 1673 2294 mea,
1699 2227 1804 2301 quibua

94 2315 126 2375 in
140 2316 188 2373 iro
202 2322 251 2374 lan
265 2334 366 2391 arquos
383 2336 438 2388 τηε,
454 2337 541 2393 neque
555 2323 585 2377 in
600 2323 694 2391 (urere
718 2331 763 2378 too
786 2321 921 2394 corripior
975 2338 1028 2396 ego
1042 2323 1187 2395 ingratus,
1203 2321 1320 2378 stiram
1337 2319 1431 2377 merui
1446 2324 1475 2376 at
1488 2320 1631 2385 furorem,
1648 2317 1734 2391 quod
1751 2333 1805 2373 non

94 2421 147 2478 me,
163 2407 293 2480 prolecto
308 2408 415 2466 videris
431 2411 562 2479 innuere,
579 2412 656 2483 quod
681 2412 745 2484 ejus
770 2413 814 2468 ira
837 2427 920 2468 exce·
975 2415 1052 2469 esset
1085 2427 1171 2485 poena
1201 2408 1370 2478 suilloiens,
1399 2412 1451 2465 aut
1480 2405 1610 2463 vindicta
1640 2405 1804 2480 condigna,

94 2495 146 2553 dat
160 2496 321 2568 justitiam,
337 2503 365 2554 ct
390 2499 470 2555 luror
492 2509 645 2573 exsuperet
664 2501 920 2573 veritatem,quod
975 2499 1063 2557 etiam
1094 2499 1119 2556 si
1147 2499 1225 2574 ignis
1247 2499 1284 2556 de
1312 2497 1383 2556 coelo
1415 2497 1600 2555 descendens
1629 2512 1682 2552 me
1711 2499 1804 2553 totum

93 2586 177 2642 naias
190 2590 237 2643 est
251 2587 360 2644 sentiro
374 2589 410 2644 de
424 2587 485 2660 illo,
497 2589 547 2662 qui
560 2590 879 2662 judicatorberntarrae
890 2589 919 2646 in
975 2593 1176 2658 consumaret,
1205 2587 1250 2646 vel
1279 2592 1357 2644 terra
1385 2604 1418 2644 os
1447 2603 1536 2643 suum
1564 2584 1726 2658 aperiens,
1755 2585 1804 2641 de·

42 2742 45 2747 Ι
95 2673 210 2744 iustitia
233 2676 599 2750 etpepulosinaequitate
621 2680 920 2753 (Psal.xcv11).cum·
975 2680 1095 2753 glutiret
1123 2695 1170 2736 me
1198 2679 1308 2736 vivum.
1330 2677 1402 2734 Volo
1431 2681 1531 2734 tamen
1555 2679 1585 2733 et
1607 2673 1713 2747 cupio,
1739 2678 1805 2747 epto

94 2778 153 2837 que
175 2765 324 2838 Scriptura
347 2767 384 2823 de
405 2767 455 2823 illo
483 2772 608 2824 testetur
632 2786 639 2824 τ
674 2771 711 2825 Ter
738 2779 840 2831 satem,
868 2770 920 2825 lio·
974 2770 1155 2841 etdeposco,
1172 2768 1249 2826 utin
1265 2767 1401 2841 presenti
1417 2781 1583 2840 mearguas
1607 2769 1638 2820 et
1662 2763 1807 2838 corripies

93 2852 170 2911 mine
184 2855 316 2911 virtutum
339 2872 402 2912 com
424 2858 630 2930 tranquillitate
644 2858 751 2929 iudicas
764 2857 843 2930 (Sap.
856 2870 918 2928 ιιι),
974 2860 1003 2916 in
1019 2859 1126 2932 spiritu
1142 2857 1280 2929 lenitatis,
1297 2858 1368 2931 quia
1382 2862 1464 2930 pater
1477 2855 1570 2913 illium
1585 2870 1680 2927 quam
1697 2853 1806 2926 diligit,

974 2947 1104 3022 corripit,
1119 2952 1146 3003 et
1157 2951 1187 3002 tu
1204 2964 1291 3019 quem
1308 2963 1401 3012 amas,
1412 2946 1515 3018 arguis
1526 2947 1555 3000 et
1569 2943 1705 3017 castigas
1714 2943 1806 3016 (Apes.

974 3043 1038 3105 111):
1053 3052 1088 3093 nc
1101 3039 1131 3092 in
1147 3042 1239 3106 tuturo
1253 3046 1284 3092 to
1299 3037 1422 3104 Drsmirse,
1438 3035 1489 3109 qui
1509 3039 1593 3107 potes
1608 3038 1639 3090 ct
1654 3050 1766 3105 corpus
1780 3036 1809 3090 st

93 3129 169 3203 ligas
183 3136 213 3187 et
225 3132 437 3204 questionibus
451 3141 558 3201 arctas.
569 3154 636 3193 cum
653 3141 754 3194 tantm
769 3138 808 3194 alt
823 3143 920 3194 metus
935 3100 957 3169 c
975 3128 1104 3184 &ssiffiflffl
1121 3126 1241 3199 lisdem
1254 3126 1283 3181 5¹¹
1299 3125 1588 3198 80h⁰⁰¹1⁰mrflri¹⁸⁰³
1601 3138 1647 3178 ΜΘ
1663 3121 1696 3178 ἱῐῑ
1706 3122 1753 3178 im
1763 3130 1807 3178 Μ

94 3219 130 3277 de
145 3236 241 3292 prena,
252 3225 353 3279 tantus
368 3224 407 3280 sit
423 3241 527 3281 maeror
541 3227 576 3282 ds
587 3227 685 3297 culpa,
699 3232 732 3284 ut
748 3227 921 3285 intertimo·
975 3229 1118 3300 quantum
1129 3226 1164 3282 ad
1174 3224 1428 3283 condemnationis
1443 3224 1638 3290 sententiam
1650 3237 1807 3295 acquecor·

93 3309 137 3366 ris
150 3314 179 3366 st
193 3309 304 3368 doloris
318 3313 481 3386 angustias,
498 3314 583 3388 quasi
600 3322 697 3372 mente
713 3316 921 3385 confusus,vix
975 3315 1065 3387 ripioa
1080 3332 1124 3372 me
1138 3317 1167 3371 in
1182 3317 1291 3388 surore,
1303 3318 1445 3387 quantum
1458 3313 1495 3369 ad
1507 3311 1686 3384 perditionis
1700 3312 1810 3385 geben·

93 3398 205 3457 valeam
221 3404 420 3474 respondere?
433 3405 504 3461 llam
523 3421 558 3463 cc
581 3405 756 3463 abundantio
776 3405 868 3463 cordis
890 3422 922 3465 os
975 3421 1101 3474 uam,ne
1110 3404 1243 3460 videlicet
1256 3420 1363 3475 arguas
1380 3419 1425 3458 ma
1440 3400 1607 3473 injudicio,
1622 3400 1809 3474 etcorripiss

95 3488 220 3560 loquitor
244 3491 387 3565 (laevi),
407 3496 437 3548 et
461 3493 570 3552 idcirco
594 3494 643 3550 illa
666 3495 859 3568 agrediuntur
886 3497 921 3552 da
974 3496 1005 3553 in
1019 3497 1144 3551 inlsrno.
1161 3493 1202 3550 Na
1217 3493 1283 3565 quis
1298 3496 1396 3549 autem
1412 3490 1556 3564 intelliget
1571 3490 1734 3562 dejudicio
1749 3488 1809 3547 sal·

95 3593 156 3646 ore,
172 3595 237 3651 qua
250 3585 394 3652 geruntur
416 3583 446 3638 in
470 3584 567 3649 corde,
584 3584 663 3641 unde
686 3584 773 3641 verba
796 3600 861 3641 mea
884 3583 921 3641 ti·
975 3584 1111 3652 vodonis,
1128 3584 1280 3656 adjungo:
1305 3583 1334 3638 ln
1355 3581 1400 3638 iro
1413 3584 1472 3647 tao,
1488 3580 1628 3653 quoniam
1645 3579 1727 3636 idem
1744 3580 1809 3650 ipse

96 3682 176 3725 more
191 3674 264 3725 sunt
278 3668 365 3742 plena
375 3678 403 3728 ot
414 3672 522 3730 dolore.
535 3675 637 3739 Quaeso
652 3679 751 3730 tamen
765 3689 801 3729 ne
816 3690 922 3746 arguas
971 3676 1061 3748 judex
1073 3679 1101 3730 et
1110 3673 1267 3730 advocatus
1281 3677 1435 3727 accusator
1445 3675 1474 3726 et
1484 3670 1580 3736 testis,
1590 3674 1697 3726 contra
1707 3685 1808 3742 repro·

95 3762 289 3831 peecatorem,
303 3775 396 3831 neque
407 3761 548 3834 corripies
561 3763 843 3834 poenitrrrtem,quod
858 3762 922 3818 tali·
976 3766 1029 3822 bos
1043 3762 1183 3835 allegabit
1199 3779 1205 3818 :
1223 3762 1345 3828 ltsoriui,
1360 3764 1387 3818 el
1400 3776 1454 3816 non
1469 3758 1585 3816 dedistis
1599 3758 1676 3815 milri
1689 3758 1808 3815 maeda-

95 3844 153 3902 hns
168 3845 265 3904 verbis
280 3848 358 3904 latur
368 3850 483 3919 cheo,
495 3867 561 3907 curn
580 3852 643 3924 ipse
655 3853 731 3908 lleus
742 3851 850 3908 talibus
862 3868 923 3908 var·
975 3870 1049 3920 cara·
1062 3852 1150 3918 sitivi,
1166 3867 1191 3908 er
1206 3868 1260 3908 uon
1274 3850 1388 3908 dedatis
1403 3849 1473 3907 milti
1488 3848 1592 3912 bitere:
1607 3847 1806 3921 desperarunt,

96 3933 144 3991 bis
158 3932 296 4007 loquatur
310 3938 346 3994 de
359 3954 391 3993 se
406 3954 457 4011 per
480 3939 661 3997 Ezechielem
677 3940 861 4013 prophetam,
878 3941 922 3996 di·

97 4025 213 4081 cando:
238 4027 314 4096 Ecce,
330 4027 429 4099 inquit
453 4029 489 4084 ad
513 4033 622 4086 terram
644 4029 745 4098 lsrael,
761 4029 795 4086 de
806 4032 922 4102 propie-

96 4129 151 4188 quo
172 4115 313 4188 effundam
337 4118 410 4173 iram
433 4133 522 4174 mecm
539 4135 621 4191 saper
634 4129 671 4188 tc,
685 4122 712 4175 et
724 4120 861 4193 completo
874 4119 922 4194 sa·

976 3948 1071 4001 atron
1085 3940 1236 4014 collegistis
1249 3955 1315 3997 me:
1339 3939 1441 4010 nudae,
1456 3942 1482 3995 et
1496 3953 1553 3995 non
1571 3937 1726 4011 operuistis
1742 3951 1807 4000 sne:

976 4043 1116 4114 infirmas,
1131 4048 1156 4097 cl
1170 4039 1202 4096 in
1217 4055 1339 4107 carcere,
1354 4042 1381 4096 et
1397 4054 1453 4094 non
1475 4039 1610 4094 visitastis
1632 4052 1680 4094 me
1701 4035 1807 4109 (seat.

976 4136 1053 4201 xxv).
1064 4134 1145 4187 Tunc
1159 4129 1378 4201 respondebunt
1392 4127 1419 4184 ei
1434 4125 1519 4201 impii
1534 4125 1689 4184 dicentes:
1704 4125 1807 4184 Domi·

96 4220 188 4264 'mm
201 4222 294 4264 mm
317 4210 348 4265 ὑὶ
374 4216 399 4266 ⁸0
421 4208 528 4282 (Emi-
549 4213 610 4280 V1¹)·
636 4211 695 4268 Cur
716 4226 784 4284 01'80
810 4210 924 4267 dubitet
978 4238 1024 4292 ne,
1038 4220 1155 4294 quando
1172 4224 1200 4276 ts
1224 4217 1354 4275 vidimus
1369 4215 1561 4286 esurientem,
1575 4219 1626 4271 eut
1642 4215 1806 4288 sitientem,

97 4305 185 4363 bomo
200 4305 279 4379 loqui
296 4307 333 4363 de
349 4312 417 4375 Deo,
433 4309 511 4381 quod
527 4308 659 4383 loquitur
672 4309 736 4382 ipss
750 4314 829 4367 Deus
845 4308 881 4365 de
892 4325 924 4366 se
977 4313 1029 4366 aut
1043 4308 1259 4381 hospitem,aut
1271 4302 1627 4374 nudum,autinllrmum‚
1639 4309 1693 4360 aut
1703 4303 1735 4360 in
1746 4319 1808 4361 aar·

97 4409 166 4452 oum
178 4395 215 4451 ab
226 4394 276 4452 illo
287 4396 419 4453 didicerit
431 4398 503 4471 quid
514 4399 550 4455 ds
561 4399 626 4472 ipso
640 4397 801 4472 loquatur?
815 4398 923 4454 Varum
978 4414 1054 4470 cers,
1065 4401 1094 4454 st
1109 4414 1165 4454 non
1178 4394 1412 4452 ministravimus
1421 4391 1500 4449 tibi?
1514 4392 1598 4448 'luno
1613 4391 1808 4466 respondsblt

98 4482 330 4557 adloquendum
346 4488 381 4543 de
396 4487 531 4544 creatore
553 4489 641 4545 verba
664 4487 725 4544 hac
748 4484 965 4556 transsumirt)
982 4487 1042 4544 illis
1066 4487 1166 4543 dicans
1183 4504 1190 4543 ε
1215 4490 1301 4542 Amen
1316 4483 1478 4552 dicouobir,
1492 4481 1688 4557 quaestionari
1702 4480 1809 4554 {aciatis

97 4572 187 4630 homo
202 4573 238 4631 de
249 4576 404 4644 creaturis,
419 4577 559 4649 quoniam
576 4578 680 4635 idonea
694 4579 783 4634 verba
797 4594 855 4634 non
871 4576 925 4632 ba·
979 4576 1031 4635 ani
1044 4593 1079 4634 cc
1092 4575 1219 4633 minimis
1233 4577 1364 4645 eseiam
1381 4572 1454 4631 milri
1464 4573 1570 4645 seriatis
1584 4571 1690 4647 (itta).
1706 4570 1808 4645 Neque

95 4662 275 4737 bet,quibus
291 4666 455 4723 secundum
472 4667 679 4740 proprietatem
691 4683 776 4725 suam
788 4667 927 4738 loquatur
980 4666 1122 4739 corripias
1144 4682 1202 4732 me,
1214 4665 1245 4722 id
1258 4670 1303 4722 est
1317 4663 1425 4738 punias
1438 4662 1469 4719 in
1484 4661 1610 4720 inferno.
1625 4661 1684 4720 ssd
1699 4662 1727 4720 si
1743 4661 1810 4735 quia

96 4751 133 4808 de
148 4751 225 4823 Deo;
242 4758 271 4810 et
285 4753 351 4811 ideo
365 4756 520 4830 peregrina
529 4757 620 4813 verba
632 4756 791 4822 mendicet,
805 4765 837 4812 ut
846 4754 925 4813 soili-
979 4755 1125 4831 intelligat
1139 4772 1256 4829 prauam
1268 4756 1360 4812 levem
1375 4757 1404 4810 et
1418 4750 1632 4823 transitoriam,
1649 4751 1784 4828 adjnngo
1799 4767 1808 4810 t

96 4847 142 4900 oet
154 4846 376 4919 perquomdam
392 4845 619 4903 similitudinem
636 4844 773 4918 loquatur
783 4845 924 4903 deillo.ln
978 4859 1011 4916 ιη
1024 4856 1123 4931 [prm
1136 4864 1191 4922 mo,
1201 4854 1230 4910 id
1243 4857 1289 4911 ert
1301 4852 1332 4909 in
1346 4851 1414 4926 igne
1429 4847 1663 4923 inexstinguibili
1678 4853 1709 4907 et
1722 4854 1809 4909 ater·

97 4933 241 4992 creaturis
256 4933 403 5008 siquidem
420 4935 465 4992 ira
479 4939 525 4992 est
539 4937 620 4994 luror
634 4936 737 5009 animi,
753 4938 789 4995 de
804 4934 925 4993 intsrio·
978 4963 1028 5015 no,
1044 4946 1080 5002 (10
1096 4961 1154 5018 quo
1166 4944 1337 5002 terribiliter
1356 4940 1523 4998 intonabit:
1545 4940 1582 4998 lte
1605 4939 1756 4999 maudioti
1779 4942 1810 4998 is

98 5022 180 5081 ribus
196 5024 232 5081 ad
244 5025 388 5082 extoriora
398 5043 674 5100 prorumpcna‚cum
688 5026 755 5102 quis
766 5027 802 5083 ob
811 5025 923 5083 illatam
978 5039 1068 5109 ignem
1088 5045 1236 5104 premam,
1252 5034 1301 5108 qui
1321 5039 1495 5106 praeparatus
1509 5037 1548 5088 act
1560 5029 1671 5089 eteocle
1684 5038 1711 5088 et
1726 5046 1810 5104 ange

97 5120 236 5194 iniuriam
262 5127 479 5195 precogitatam
495 5125 654 5183 vindictam
670 5126 819 5183 desiderat
833 5130 925 5186 adim·
978 5127 1014 5182 lis
1028 5126 1087 5196 rior
1101 5123 1194 5197 (ibid.)
1209 5127 1318 5180 Revera
1331 5123 1396 5179 diss
1410 5119 1472 5183 illa,
1487 5119 1545 5178 dier
1559 5121 1620 5192 irae,
1634 5122 1697 5178 dies
1721 5121 1810 5179 triba·

98 5210 187 5283 plere.
206 5212 298 5267 Furor
313 5218 411 5268 autern
427 5220 472 5269 est
485 5213 644 5271 vehemens
667 5218 823 5272 commotio
845 5217 923 5273 indi·
978 5214 1091 5272 lationis
1104 5223 1130 5271 ct
1143 5215 1287 5287 angustiae,
1303 5212 1361 5269 dier
1374 5210 1548 5267 calomdotis
1561 5213 1588 5267 el
1599 5211 1737 5276 mum,
1752 5211 1809 5268 dies

96 5300 227 5372 guantis,
244 5317 310 5356 curn
338 5301 430 5373 gestit
453 5302 592 5358 adversus
608 5302 698 5359 alium
714 5302 864 5363 effundere
879 5311 922 5363 to·
976 5302 1099 5362 turbinis
1113 5309 1139 5360 ct
1153 5301 1366 5376 scriptitatis
1381 5299 1486 5371 luroris
1499 5303 1525 5356 ct
1539 5301 1657 5356 terroris
1674 5299 1809 5374 (Sophos.

96 5389 921 5467 tamiram.lntordumverounumaccipitnrproallero,
976 5391 1635 5466 1).lnquosliastuaoixrulr·obilar,impias
1659 5393 1687 5449 et
1708 5406 1808 5465 pecco·

96 5479 176 5537 siout
190 5477 237 5534 hio
252 5483 415 5538 secundum
432 5498 520 5539 unam
536 5481 761 5540 translationem
777 5484 920 5545 babetur:
976 5489 1019 5542 tor
1030 5482 1080 5541 oli
1092 5484 1230 5556 parebant
1243 5482 1279 5551 lli
1294 5484 1368 5538 Patr.
1384 5480 1433 5553 vv).
1449 5477 1525 5546 Quia
1537 5494 1607 5553 ergo
1620 5477 1809 5541 horrendum

95 5566 481 5642 meermannianam
495 5589 597 5645 mpuac
606 5588 656 5636 me.
671 5590 758 5649 amaa
771 5573 803 5632 ie
818 5576 863 5635 ira
872 5585 922 5635 too
975 5578 1020 5635 est
1033 5573 1124 5633 nimis
1139 5573 1169 5632 in
1185 5587 1292 5631 manns
1302 5570 1354 5631 Dei
1365 5568 1492 5639 viventis
1499 5566 1630 5631 madere
1651 5569 1753 5649 (deis.
1768 5570 1811 5647 a>
