3796 5986
62 113 124 169 5001
447 114 633 172 ΟΟΜΜΕΝΤ.
654 117 691 170 tu
710 114 761 170 vlt
781 110 947 169 manuos
965 113 1167 170 POENITBNT.
1185 143 1217 155 ·-
1233 115 1332 171 reat„
1354 118 1376 170 1.
1696 115 1765 172 1002

52 237 218 296 Nonsolum
230 244 328 297 autem
343 241 602 315 perobreptionem
618 241 794 313 quandoque
811 238 881 294 deii·
898 241 923 306 Α
938 239 978 294 vit
993 241 1140 310 inimicos,
1156 259 1212 299 non
1229 248 1326 300 tamen
1343 245 1488 315 desperat,
1506 244 1556 300 sed
1568 246 1719 317 correptus
1736 247 1766 299 et

52 329 326 398 qui,rerurnetinm
337 346 387 403 per
399 331 731 402 consuetudinemsmpe
747 327 881 400 peccavi;
937 331 1093 389 exauditus
1109 349 1126 388 a
1141 332 1265 390 Domine
1292 333 1364 389 dicit
1378 332 1438 389 illis
1455 352 1461 390 :

53 418 192 490 quoniam
207 418 399 476 inueteraoiex
413 419 502 493 longa
513 420 726 476 consuetudine
740 419 812 474 inter
822 434 882 473 em·
974 421 1109 478 Discedita
1123 440 1141 476 a
1156 438 1199 478 mc
1213 439 1307 479 ornnes
1329 425 1379 496 aui
1405 423 1561 494 operamini
1588 422 1766 497 iniquitatem

54 523 104 562 nes
118 508 147 563 in
163 508 352 565 imioosmces.
365 509 446 565 Certe
459 510 528 565 dum
546 510 645 565 anima
659 509 688 564 in
705 508 760 563 hec
776 506 882 565 seculo
936 511 1066 581 quoniam
1078 511 1225 568 exaudivit
1247 514 1380 569 Dominus
1396 529 1482 569 iucem
1498 515 1579 585 {telus
1595 513 1658 570 mei.

54 596 289 669 peregrinatura
308 598 443 668 Domino,
461 597 571 654 multos
590 603 618 653 et
634 614 757 671 magnes
772 596 882 670 patitrrr
972 598 1145 662 Ounsidieat
1156 618 1163 657 :
1176 602 1310 674 Dgosum
1324 608 1477 675 seperatus
1488 621 1505 658 u
1516 602 1608 673 vebis,
1628 602 1690 658 etsi
1705 619 1763 659 nen

56 684 194 741 inimicos
206 686 580 760 dequibuslegitur:Facli
589 686 882 760 suntfinimiciejusin
937 686 1033 742 adhuc
1049 687 1122 760 loen,
1136 690 1196 761 jam
1214 695 1309 747 lemen
1323 692 1471 758 vertra'etsi
1489 691 1618 748 ηοηάυηι
1633 708 1763 765 corpere,

55 777 148 846 capite
170 776 277 848 (ibren.
299 776 331 848 1).
354 780 429 832 Nam
458 774 628 832 inimicatur
650 775 826 833 eimundus
853 778 883 830 et
932 776 1763 853 jamtemencorde.Nenenimpossumusiubeamunde

55 865 880 934 cnro,damonethomo.Mundusoumciomentis,uude:
937 882 1030 938 neque
1045 867 1187 924 debeamus
1203 869 1528 943 corporaliterscpnrari
1546 887 1666 943 prorsus
1682 889 1699 928 a
1715 887 1763 927 ma

57 954 197 1024 Pupnabit
219 955 292 1011 orbis
310 960 449 1012 terrarum
462 957 724 1013 contraissensalos
750 955 825 1028 (Sap.
841 953 880 1026 v).
935 952 984 1022 lis,
999 955 1057 1011 nisi
1085 956 1228 1013 duntaxat
1242 959 1278 1014 ab
1292 957 1361 1028 iilis,
1378 958 1428 1030 qui
1451 957 1555 1016 merito
1577 963 1762 1032 peccaterum

56 1043 130 1098 Care
158 1060 224 1099 cum
257 1046 405 1115 sensibus,
435 1046 512 1102 tunde
543 1045 612 1103 biars
640 1043 805 1119 ingreditur
831 1060 883 1117 per
935 1046 1764 1117 suorumperexcemmunicetionissententiamnoncle·

54 1134 193 1203 fenestras
216 1133 282 1206 (ier.
321 1135 373 1206 ur).
412 1134 511 1192 Oculus
546 1135 669 1192 animam
696 1135 882 1208 depredatur
935 1131 1699 1208 siasuntpraecisi,eumquibusneccibumsumere,
1717 1154 1765 1195 sa-

54 1221 169 1292 (i'bren.
198 1223 250 1280 rut.
273 1222 391 1280 Damon
416 1240 482 1279 crim
508 1224 598 1290 vitiis,
628 1223 725 1280 unde:
755 1227 815 1280 tlon
853 1239 882 1279 es
935 1222 1764 1298 eundumApostoliverbum,debemus:alinqui,seeun-

53 1310 136 1366 nobis
149 1312 309 1368 colluctatio
324 1314 455 1368 aduersus
467 1329 579 1369 cumam
604 1321 629 1369 et
643 1312 818 1384 saupuinem,
834 1313 882 1369 sed
936 1313 1005 1368 dum
1019 1314 1095 1386 quad
1114 1313 1190 1369 idem
1204 1314 1363 1388 Apostolus
1377 1314 1428 1382 ait,
1443 1320 1588 1387 oporteret
1601 1334 1655 1374 nos
1669 1318 1702 1374 tio
1717 1317 1768 1376 boc

54 1399 186 1456 aduersus
203 1401 363 1474 spiritualia
378 1403 512 1475 nequitie
532 1404 562 1459 in
577 1401 739 1470 celestibus,
752 1401 882 1460 aduersus
936 1402 1036 1458 mundo
1050 1402 1127 1460 exire
1141 1402 1163 1474 (l
1179 1401 1239 1458 Cor.
1260 1404 1298 1474 v).
1313 1407 1385 1460 Nam
1411 1408 1440 1459 et
1454 1405 1598 1461 Dominus
1613 1406 1765 1480 precepitz

57 1491 176 1545 rectores
195 1490 293 1546 mundi
316 1492 490 1548 tenebrarum
506 1492 606 1548 barum
634 1493 744 1565 (pres
762 1491 810 1565 ra).
828 1495 882 1547 Ho-
934 1491 1027 1547 Nolite
1042 1493 1190 1548 eradicare
1203 1491 1323 1560 zizania,
1339 1509 1374 1550 nc
1388 1495 1473 1549 simui
1490 1495 1633 1553 eradicetis
1648 1504 1675 1554 et
1690 1497 1766 1553 triti·

59 1594 108 1634 mo
124 1594 189 1634 eum
200 1580 311 1652 bestiis,
323 1582 400 1637 uude
415 1598 422 1638 :
439 1581 504 1636 Cum
521 1580 698 1651 insumerent
711 1581 836 1638 beminen
851 1583 881 1638 in
897 1596 1005 1680 Bcum.
1020 1580 1111 1637 Sinite
1121 1591 1235 1656 utraque
1250 1598 1371 1639 crescere
1385 1599 1470 1655 usaue
1480 1583 1514 1639 ei
1530 1600 1642 1641 messem
1654 1585 1764 1656 (ibtatlb.

58 1683 109 1723 nos
121 1669 198 1740 sorte
211 1673 285 1725 uiuos
303 1669 483 1743 depictissent
504 1687 552 1727 aes
581 1671 667 1731 (Perat.
687 1670 796 1742 cunin).
822 1671 880 1727 Po·
936 1671 1144 1736 stu).1nterim
1165 1688 1233 1746 crgo
1249 1676 1406 1744 autequam
1428 1689 1495 1728 area
1514 1673 1680 1742 ventiletur,
1697 1675 1767 1748 quin

57 1760 172 1812 suerunt
191 1759 320 1816 mortalia
338 1766 613 1831 seruorumtuerum,
627 1776 702 1817 escas
717 1759 882 1817 volatilibus
935 1775 1027 1832 gruna
1047 1760 1135 1815 mista
1150 1766 1219 1816 sunt
1234 1777 1299 1817 curn
1316 1760 1416 1834 paleis,
1435 1767 1463 1817 et
1482 1762 1592 1818 zizania
1616 1779 1684 1818 cum
1705 1764 1766 1820 iru-

58 1846 129 1913 eati,
154 1864 251 1904 carnes
274 1854 434 1906 sauctorum
452 1854 562 1906 tuorum
585 1849 682 1905 bestiis
700 1858 780 1907 tarrae
794 1850 881 1921 (Psoi.
936 1853 1045 1916 mente,
1063 1849 1155 1904 bonos
1179 1854 1293 1922 oportet
1308 1866 1373 1908 esse
1397 1867 1464 1907 eum
1490 1851 1586 1907 maiis.
1610 1850 1692 1909 Unde
1713 1853 1767 1909 Lot

58 1936 185 2006 cxxviii).
201 1936 314 1994 Inimici
340 1953 409 2010 ergo
425 1941 494 1993 sunt
510 1938 658 1994 demones
685 1943 714 1994 et
733 1937 882 2006 homines,

56 2023 129 2079 vitia
141 2029 169 2080 et
184 2031 310 2098 peecata,
322 2027 451 2082 mundus
460 2031 488 2082 et
499 2043 577 2083 caro.
586 2026 627 2083 De
637 2026 746 2100 quibus
759 2027 882 2101 legitur:

57 2111 170 2168 Inimici
197 2116 285 2172 nostri
308 2116 475 2173 deriserunt
489 2132 538 2172 nos
567 2117 642 2173 Psoi.
673 2117 776 2191 arxis).
808 2117 883 2174 Con·

55 2201 194 2273 tundatur
215 2209 243 2260 et
266 2214 447 2263 revercantur
471 2206 581 2262 inimici
603 2208 659 2263 mei
672 2206 761 2279 (Psal.
775 2206 882 2278 xxxiv).

57 2293 191 2349 inimicos
205 2310 277 2351 meos
293 2295 397 2351 dedisti
419 2295 492 2350 mibi
507 2296 630 2352 dorsum.
649 2297 802 2369 Persequar
826 2296 884 2351 ini-

59 2384 144 2438 micos
159 2399 232 2440 meos
246 2394 271 2442 ct
285 2385 514 2458 comprehendam
533 2383 600 2440 illos
616 2385 702 2456 (Psoi.
721 2387 790 2456 xvir)
815 2390 884 2441 Per-

62 2489 93 2528 ro
106 2468 194 2531 sicuti
208 2473 342 2530 diabolus
353 2473 545 2530 estinimieus
555 2473 708 2540 virtutum,
724 2474 759 2529 de
775 2491 833 2546 quo
844 2472 886 2530 di·

936 1935 1089 1993 habitabat
1104 1936 1133 1993 in
1163 1938 1310 2010 Sodomis,
1325 1942 1354 1995 et
1372 1939 1427 1996 Jeb
1451 1944 1514 1997 erut
1541 1939 1569 1996 iu
1587 1943 1666 1997 terra
1683 1945 1766 1999 Has:

936 2041 1064 2099 sponsus
1080 2044 1198 2101 quoquo
1211 2027 1282 2083 dicit
1298 2028 1332 2084 ad
1349 2045 1489 2102 sponsam
1506 2029 1535 2084 in
1550 2030 1690 2086 Caulieis.
1708 2030 1768 2086 Sic·

937 2119 967 2171 ut
982 2115 1074 2171 liliam
1089 2118 1163 2172 inter
1190 2119 1299 2190 spinas,
1320 2119 1361 2173 sio
1389 2121 1478 2174 amico
1498 2135 1560 2174 meu
1587 2118 1663 2175 inter·
1693 2119 1769 2191 filias

937 2203 1017 2277 (Cant
1050 2205 1091 2277 u).
1110 2206 1291 2277 eraprepler
1313 2211 1341 2261 el
1357 2207 1419 2279 ipse
1435 2207 1571 2262 Christus
1586 2223 1652 2262 crim
1669 2207 1770 2280 publi·

938 2294 1058 2348 oudinet
1072 2293 1274 2365 peccntoribus
1289 2295 1488 2359 manducabat
1510 2296 1585 2369 (Luc.
1614 2306 1652 2366 v).
1677 2295 1769 2353 Ceste·

938 2398 1003 2438 rum
1017 2384 1071 2438 etsi
1083 2382 1155 2453 justi
1173 2399 1228 2437 nen
1246 2382 1372 2439 debeant
1388 2384 1417 2437 in
1434 2383 1488 2439 hoc
1504 2384 1613 2440 mundo
1630 2400 1767 2457 corpora·

937 2469 1047 2526 lilerab
1058 2471 1155 2544 impiis
1167 2471 1307 2545 separari,
1316 2474 1501 2544 quantumnd
1511 2471 1676 2545 generalem
1688 2491 1768 2531 oom-

62 2564 246 2635 aiturzlbuio
270 2562 403 2620 inimicus
422 2561 503 2618 lramo
521 2562 752 2635 superseminavit
781 2565 884 2621 ainana
939 2560 1767 2635 munionem,quandatamcnsinescanduleputestsscri,
1874 2558 1877 2563 ’

62 2654 167 2723 (blattis.
192 2657 266 2724 narr),
289 2653 331 2709 ita
352 2652 430 2709 Deus
444 2652 583 2708 vitiorum
603 2656 649 2708 est
664 2651 813 2720 inimicus,
833 2651 885 2725 qui
939 2649 1068 2721 separari
1093 2648 1200 2705 debent
1223 2650 1259 2705 ab
1275 2649 1350 2721 aliis,
1368 2654 1511 2722 quantum
1532 2653 1566 2707 ad
1591 2652 1767 2710 temiliarcm

63 2743 100 2799 ds
116 2762 147 2802 se
162 2744 253 2800 dicit:
269 2742 402 2798 Inimicus
417 2756 463 2798 ero
472 2743 596 2797 inimicis
610 2742 667 2797 tuis
677 2741 774 2814 (ised.
792 2742 884 2815 sarar).
939 2736 1200 2808 cohabitationem
1210 2739 1543 2811 quiamoresueonviotu
1558 2741 1769 2810 [armeniensi

64 2835 137 2890 Vere
152 2833 241 2905 igitur
252 2832 354 2888 militia
364 2835 403 2887 est
415 2830 475 2887 citu
490 2829 612 2886 bominis
626 2829 886 2904 superterram(leb
938 2831 1118 2899 corrumpunt
1142 2827 1223 2883 bonos
1238 2843 1324 2884 merce
1339 2827 1477 2900 colloquia
1502 2830 1576 2885 mala
1590 2831 1617 2903 (i
1632 2829 1692 2889 Cor.
1709 2831 1769 2904 nr),

62 2921 123 2992 vir).
145 2920 220 2978 Dicit
233 2921 331 2994 itaque
345 2920 491 2993 penitens
506 2935 513 2975 ε
529 2920 693 2991 inveteravi,
707 2920 762 2976 hoe
776 2925 821 2976 ast
849 2921 885 2978 de
978 2917 1087 2988 Unaque
1100 2923 1242 2988 compacta
1274 2916 1388 2974 livorem
1402 2917 1479 2974 duait
1501 2921 1536 2976 ab
1560 2936 1624 2976 atu.

63 3008 150 3084 lenge
170 3011 379 3069 consuetudine
402 3008 528 3082 peccavi,
552 3010 730 3064 interamnae
761 2986 923 3066 tarnatensi}
943 3010 1064 3078 Propter
1085 3005 1163 3079 quod
1193 3004 1321 3062 dicitur:
1339 3008 1518 3064 Cumsancto
1538 3012 1770 3082 sanctarenae

60 3115 145 3170 meos,
163 3118 208 3158 me
219 3101 349 3173 undique
365 3103 585 3172 persequentes,
597 3103 626 3154 et
639 3098 675 3154 ad
693 3096 803 3154 malum
827 3103 889 3155 tra·
942 3111 1006 3151 cum
1020 3097 1300 3151 innocenieinnocens
1315 3097 1370 3151 eris
1385 3097 1470 3168 (Pset.
1486 3101 1567 3165 xvir).
1588 3099 1622 3152 Et
1637 3098 1706 3154 aiibi
1728 3099 1770 3156 la·

62 3186 176 3256 hentes,
185 3191 249 3261 jam
265 3188 361 3261 turpis
372 3185 525 3243 etiuutilis
538 3187 646 3243 taetus:
663 3185 785 3243 asimiii
810 3190 888 3244 vete·
942 3184 1039 3257 gitur:
1057 3183 1124 3238 Cum
1154 3182 1311 3239 bominibus
1338 3185 1514 3256 operantibus
1531 3189 1772 3258 nusquamne

62 3281 105 3337 ris
130 3275 460 3351 vestis,quasueeusui
481 3279 536 3345 est,
557 3292 610 3332 nea
631 3275 737 3332 decori.
758 3275 887 3348 anum
942 3288 997 3328 rnen
1016 3272 1220 3327 communicabo
1246 3288 1308 3327 cuna
1342 3273 1436 3328 eiectis
1464 3276 1666 3344 eorum(l’sal.
1695 3276 1768 3349 cna).

64 3369 162 3445 mavis
177 3372 222 3424 est
236 3372 365 3424 vetustus
381 3365 504 3437 peccati,
529 3381 618 3437 quam
634 3381 718 3436 grave
733 3364 887 3421 vetustatis
943 3362 1034 3417 Item:
1053 3360 1129 3430 Elrpi
1155 3362 1275 3433 abjectus
1299 3377 1357 3417 esse
1370 3364 1400 3417 in
1425 3362 1503 3418 dome
1523 3364 1571 3419 Dei
1597 3365 1654 3420 mei
1680 3368 1771 3434 mapis

66 3453 451 3533 peecatumexqunautpa
471 3453 887 3526 quasivertiturinnnturum
942 3466 1024 3524 arcam
1048 3450 1174 3505 babitare
1194 3449 1223 3505 in
1260 3447 1444 3506 tabernaculis
1473 3460 1647 3523 peccalorum
1674 3455 1764 3527 (Paul.

66 3555 94 3607 et
112 3543 887 3619 naturaquasitransitinuulpemDstuutemvetu·
943 3537 1069 3612 cautu).
1086 3539 1208 3609 Semper
1232 3555 1301 3612 erge
1322 3539 1524 3612 spiritualiter,
1553 3554 1578 3598 ct
1608 3541 1769 3616 aliquando

64 3641 126 3694 stus
136 3635 408 3709 corperis,vetustas
421 3631 789 3701 sensualitatis,reatustus
801 3631 888 3689 ratio·
942 3627 1655 3702 etiamcoporalitersepurnbunturomnino.Dicit
1671 3631 1769 3704 itaque

64 3727 264 3796 nis,vetustas
288 3722 523 3794 consuetudinis,
547 3724 680 3777 vetustas
705 3720 887 3794 ignorantia,
943 3717 1396 3791 poeniteusjustittoatusaDeo:
1419 3718 1574 3777 Discedica
1600 3737 1647 3777 nae
1674 3737 1771 3778 eineres

61 3820 191 3872 vetustas
206 3814 457 3888 culparemus
472 3811 555 3885 legis,
569 3815 700 3866 vetustas
715 3811 790 3880 vite,
806 3815 889 3867 setu-
943 3807 991 3882 qui
1005 3805 1160 3880 operamini
1174 3805 1358 3878 iniquitatem,
1370 3810 1503 3880 quoniam
1513 3810 1642 3866 Dominus
1658 3809 1770 3866 ceauli-

64 3904 278 3978 stastemperis
294 3907 321 3960 ei
337 3906 469 3958 vetustas
491 3899 673 3956 eternitatis.
942 3899 982 3953 eit
997 3913 1086 3972 uocem
1096 3897 1179 3966 pictus
1200 3898 1265 3952 mei.

980 3984 1128 4042 Exaudiuit
1152 3985 1285 4041 Dominus
1314 3983 1532 4056 deprecationem
1559 4001 1660 4054 meam,
1678 3987 1772 4042 Domi·

94 4084 132 4139 De
147 4084 291 4138 vetustate
309 4076 449 4150 'eorporis
462 4077 585 4150 legitur:
602 4075 700 4133 Omnes
714 4079 785 4132 sicut
804 4074 888 4132 vesli-
941 4091 994 4131 aus
1007 4076 1163 4131 orationem
1176 4088 1267 4128 meam
1280 4074 1432 4145 assumpsit
1447 4073 1496 4146 [ab
1524 4077 1665 4146 suscepitl.

59 4176 183 4228 mentum
201 4170 366 4225 ecurascent
390 4167 478 4239 (Psoi.
494 4166 544 4238 cr),
559 4166 594 4222 de
609 4170 888 4222 vetustatesensua·
978 4164 1032 4219 Pro
1047 4163 1141 4218 tribus
1157 4165 1289 4218 oraverat
1314 4162 1343 4216 in
1360 4164 1454 4232 primo
1467 4163 1604 4230 ternario,
1621 4179 1673 4236 pre
1688 4179 1775 4236 pruna

61 4260 154 4317 litatis
169 4259 312 4314 habetur:
331 4259 416 4312 Vetus
436 4255 514 4311 bomo
529 4257 620 4311 noster
638 4271 705 4310 cum
719 4254 769 4309 ilio
783 4254 890 4310 allinus
942 4251 1078 4308 videlieet
1090 4251 1261 4315 amovenda,
1275 4266 1328 4320 pre
1340 4250 1425 4323 plaga
1435 4252 1577 4318 narranda,
1587 4256 1615 4307 st
1630 4267 1682 4324 pro
1694 4267 1775 4308 mora

60 4354 105 4406 est
120 4349 209 4420 (Rom.
223 4347 272 4413 vr),
289 4347 324 4400 de
343 4350 488 4400 vetustate
503 4344 625 4400 rationis
640 4343 800 4416 accipitur:
818 4342 890 4410 Quo·
903 4362 928 4427 D
944 4341 1184 4410 tollendab'uper
1194 4340 1242 4394 his
1259 4340 1352 4394 trinus
1362 4358 1393 4395 ee
1404 4343 1536 4412 gaudela
1547 4339 1672 4397 Domina
1686 4356 1774 4396 exau·

60 4441 143 4494 uiam
158 4436 243 4503 tacui,
272 4436 497 4490 inveteraverunt
519 4434 613 4488 omnia
639 4448 700 4489 ossa
726 4431 888 4497 meatt’sal.
944 4430 1038 4486 ditum
1061 4427 1182 4484 diceus:
1201 4426 1602 4484 ExaudieitDorninuseacem
1617 4430 1773 4500 tleiusmei,

63 4528 154 4597 xxxi),
171 4526 207 4582 de
222 4529 365 4581 vetustate
375 4521 599 4580 consuetudinis
615 4521 684 4578 item
700 4521 821 4594 iegitur:
838 4522 890 4577 De·
945 4519 1077 4575 Dominus
1091 4517 1243 4573 orationem
1271 4531 1363 4572 meam
1374 4520 1533 4590 assumpsit.
1563 4519 1614 4574 Det
1642 4518 1727 4575 tietus
1743 4519 1774 4574 in

61 4615 513 4688 penitereterembeminemcum
524 4609 889 4680 actibussuisittpbesm),
945 4607 1043 4674 eorde,
1058 4605 1185 4663 Detusin
1201 4621 1261 4668 ere,
1277 4605 1363 4661 datus
1379 4605 1409 4661 in
1429 4622 1527 4676 opere.
1545 4606 1575 4662 {n
1605 4609 1775 4663 condacum

61 4707 252 4762 devetustate
266 4704 440 4773 ignorantia
465 4703 598 4757 dicitur:
619 4701 701 4757 Vetus
715 4715 795 4755 error
821 4699 892 4755 abiit
946 4696 1056 4762 dolore,
1069 4694 1098 4750 in
1113 4711 1163 4751 ore
1177 4711 1245 4750 eum
1261 4702 1400 4755 atemere.
1424 4697 1452 4751 in
1469 4712 1556 4764 opere
1581 4712 1648 4751 eum
1666 4696 1774 4753 tabere.

62 4797 126 4868 (tsa.
145 4801 233 4862 xxvi),
256 4796 291 4849 de
314 4799 459 4849 vetustate
475 4792 540 4847 vita
564 4789 686 4863 iegitur:
703 4790 785 4845 Nemo
805 4787 893 4844 mittit
946 4791 985 4841 De
1001 4784 1095 4857 primo
1108 4783 1226 4855 legitur,
1243 4783 1320 4851 quod
1336 4799 1404 4839 cum
1422 4791 1504 4840 Anna
1515 4782 1775 4840 essetamarouni·

61 4886 160 4940 vinum
175 4899 274 4939 nouum
290 4882 321 4938 in
334 4880 609 4951 utresveteres‘lbuc.
625 4887 664 4946 v).
688 4880 725 4934 De
749 4881 893 4933 vetustate
946 4889 1001 4939 mo,
1015 4876 1085 4944 tiens
1098 4871 1228 4943 turpiter,
1248 4875 1338 4928 orarit
1350 4873 1517 4934 Dominum:
1543 4874 1704 4943 loquebatur·
1723 4886 1776 4926 au·

63 4971 648 5043 cuipaitemlegitnrzlnueteraiciierum
658 4966 892 5038 malorumlDau.
946 4967 1002 5019 tem
1017 4964 1047 5017 iu
1070 4961 1151 5018 urle
1175 4976 1234 5029 suo,
1259 4969 1287 5016 et
1313 4977 1364 5016 aex
1389 4963 1502 5033 penitus
1524 4979 1581 5016 nen
1609 4960 1776 5016 audiebatur

63 5079 137 5128 1111).
154 5062 194 5116 De
209 5069 354 5116 vetustate
370 5059 443 5130 tegis
458 5059 616 5115 scribitur:
642 5057 701 5112 uon
715 5056 745 5111 in
759 5060 895 5113 uetustate

65 5152 179 5213 lettera,
195 5149 242 5205 secl
257 5150 289 5205 in
303 5152 426 5204 nouitate
444 5146 655 5219 spirituseitom.
672 5147 734 5216 vir),
752 5148 788 5200 de
812 5150 895 5199 vetu-

65 5246 140 5296 state
156 5237 297 5308 temporis
313 5238 440 5292 dieitur:
466 5235 657 5292 vetustissima
673 5245 793 5290 ueterum
804 5248 895 5288 come-

64 5329 242 5398 detislbeuil.
257 5329 345 5392 xxvi),
362 5325 397 5379 de
425 5328 569 5379 vetustate
593 5322 765 5379 aeternitatis
791 5337 894 5376 narra·

68 5424 136 5474 tur:
153 5416 245 5472 Vetus
259 5414 376 5470 dierum
393 5412 478 5478 sedit,
493 5419 520 5468 et
534 5410 602 5468 libri
615 5414 707 5483 aperti
720 5415 785 5466 sunt
801 5411 893 5481 (Apoc.

66 5510 125 5578 n).
141 5505 221 5564 uiuet
234 5507 335 5562 aulem
345 5504 481 5574 peccator
496 5501 553 5559 ists
572 5501 650 5558 iuter
669 5502 896 5558 suasinruteru·

238 5623 375 5684 sauma.
396 5614 544 5682 cuttu.

947 5051 971 5123 (t
1000 5053 1064 5120 aaa.
1093 5056 1124 5115 ι).
1155 5053 1194 5105 De
1222 5052 1353 5106 seeundo
1382 5050 1514 5120 legitur:
1542 5054 1604 5105 Vae
1630 5053 1660 5104 iu
1688 5050 1777 5104 Rama

947 5140 1046 5196 audita
1060 5145 1111 5204 est,
1127 5139 1249 5209 ploratus
1264 5147 1290 5194 et
1312 5140 1434 5193 ululatus
1458 5140 1573 5204 multus,
1599 5138 1698 5194 daebal
1718 5139 1778 5210 plo·

949 5229 1098 5299 romilius
1117 5242 1191 5291 suos,
1210 5227 1303 5282 naluit
1317 5228 1457 5283 consolari
1478 5227 1581 5282 ‘'tacm.
1598 5230 1640 5294 11).
1658 5231 1694 5282 De
1724 5237 1779 5283 ter·

949 5319 990 5373 tie
1017 5315 1143 5387 legitur:
1159 5314 1262 5372 Mulier
1287 5329 1350 5386 qua
1372 5318 1433 5369 erat
1455 5316 1484 5369 in
1512 5316 1625 5371 ciuitate
1638 5319 1779 5378 aaronis

949 5414 1026 5461 stans
1039 5409 1111 5462 retro
1138 5419 1214 5460 sceau
1227 5404 1307 5475 perles
1321 5404 1433 5459 Domini
1459 5404 1523 5459 iesu
1535 5405 1669 5477 lacrymis
1696 5403 1779 5468 capit

950 5493 1044 5567 maore
1054 5493 1136 5568 peaes
1149 5493 1220 5565 ejus,
1235 5501 1262 5549 el
1274 5491 1373 5565 capitis
1385 5491 1549 5568 capillissui
1560 5495 1685 5566 tepebat
1695 5494 1777 5568 (Luc-

1578 5612 1618 5671 32
