3796 5986
89 237 126 292 13
681 234 986 292 substituturum
999 261 1034 272 -
1048 237 1108 290 ΑΝ.
1131 231 1212 291 1198.
1764 242 1798 301 lt

91 363 127 419 de
143 361 219 434 Supi
232 361 351 417 domino
363 376 427 429 suo,
440 360 540 417 sedem
557 358 719 416 molendini
734 374 823 431 quern
841 355 922 412 dedit
934 356 964 424 Α
975 372 1043 414 vero
1058 358 1094 416 de
1108 359 1321 433 temporalibus
1336 362 1462 420 debeant
1479 365 1802 437 respondereauetort-

91 453 178 509 vobis
194 450 358 523 Philippus,
375 451 553 507 concedente
575 448 693 506 Bliardo
715 447 834 506 domino
852 463 925 515 suo;
981 450 1039 502 tute
1070 449 1191 520 insuper
1219 452 1379 522 apostolica
1398 453 1561 509 districtius
1576 455 1757 526 inhibemus,
1772 473 1808 515 na

92 544 173 615 apud
189 541 292 597 villam
308 557 372 614 que
387 538 495 596 dieitur
511 538 689 595 andiniacus
705 539 774 610 (21),
791 553 842 593 eex
862 551 927 592 mo·
981 536 1047 606 quis
1063 536 1091 591 io
1108 554 1158 593 vos
1173 537 1216 595 vel
1238 538 1391 597 ecclesiam
1419 549 1545 598 vestrum
1571 545 1807 604 excommunica·

92 633 162 688 dios
173 631 396 701 frumentiquos
411 628 497 684 debet
512 627 594 684 vobis
608 626 838 684 ecelesiaSanoti
852 625 926 681 llar-
980 623 1080 693 tionis,
1095 628 1302 697 suspensionis
1323 635 1353 685 et
1377 631 1726 701 interdictisententiam,
1742 635 1807 692 eius

93 722 150 776 tini
178 719 386 776 Lauduneusie
409 717 562 773 annuatim
583 716 756 790 persolvere,
772 723 800 772 et
815 716 844 770 in
859 730 925 788 pro·
980 714 1136 771 manifesta
1151 721 1181 772 et
1196 717 1362 775 rationabili
1379 736 1478 786 causa,
1494 721 1680 794 promulgare
1696 740 1806 796 presu-

92 811 161 882 prie
187 812 309 866 vectura
324 808 360 863 ad
378 806 613 879 promptuarium
637 811 767 861 vestrum
791 803 924 871 deferre;
979 807 1050 870 mut,
1067 804 1109 858 vel
1125 821 1215 862 novas
1231 806 1273 861 vel
1292 807 1438 864 indebitas
1450 795 1806 870 exactionesvobiselho·

92 896 288 969 invillaquee
309 895 416 952 dicitur
439 893 549 951 Remiis
574 895 640 966 (25),
657 893 825 967 quindecim
853 891 924 947 soli·
978 891 1110 949 minibus
1139 895 1244 951 vestris
1272 896 1415 968 imponat.
1444 899 1632 969 Sepulturam
1666 905 1806 974 preterea

92 989 149 1044 dos
164 988 248 1043 boum
263 999 396 1052 monete,
408 1000 482 1056 quos
499 983 584 1040 debet
599 981 680 1040 vobis
695 982 819 1039 ecclesie
829 981 923 1037 Brute
977 982 1109 1051 ejusdem
1126 982 1181 1038 ioci
1195 983 1318 1040 liberam
1334 1001 1399 1042 esee
1414 988 1533 1043 omniuo
1559 990 1757 1063 deceruimus,
1773 996 1807 1049 ut

92 1079 190 1132 llerie
209 1075 415 1131 Lauduneueis
429 1073 459 1129 iu
476 1072 631 1129 testivitate
647 1072 784 1129 Omnium
803 1073 922 1127 Sancto·
977 1087 1078 1128 eorum
1094 1072 1240 1129 devotioni
1257 1083 1283 1130 el
1299 1079 1432 1131 extremae
1448 1077 1591 1133 voluntati
1613 1079 1665 1150 qui
1689 1095 1721 1136 ee
1744 1080 1806 1136 illic

93 1183 158 1222 rum
172 1164 339 1237 persolvere
354 1161 634 1231 annuatim3villum
647 1161 922 1233 quediciturblou·
977 1160 1094 1232 sepeliri
1119 1161 1356 1234 deliberaverint,
1380 1164 1434 1219 nisi
1460 1166 1533 1222 torte
1557 1169 1803 1227 exeommunicati
1829 1195 1832 1199 ²

93 1254 174 1311 celiis
188 1254 259 1327 (25),
276 1268 365 1324 quam
378 1251 460 1307 dedit
483 1250 566 1307 vobis
589 1250 755 1322 Lueslurus,
771 1249 920 1322 quondam
975 1249 1020 1306 vel
1048 1251 1196 1308 intendisti
1226 1253 1297 1323 sint,
1327 1253 1429 1311 nullus
1456 1256 1594 1325 obsistat,
1610 1258 1802 1317 salvatamen

94 1343 233 1399 dominus
245 1341 348 1398 liibodi
364 1340 485 1406 Montis,
498 1355 565 1396 oum
588 1341 696 1405 banuo,
714 1340 809 1406 turno,
826 1343 855 1395 et
876 1338 921 1394 di·
972 1340 1091 1411 Justitia
1111 1340 1229 1397 illarum
1245 1341 1435 1398 ecclesiarum
1453 1346 1593 1417 aquibus
1618 1350 1801 1405 mortuorum

94 1432 206 1502 stricto,
217 1437 246 1488 et
261 1429 415 1487 dimidiam
432 1434 544 1503 partem
561 1428 721 1485 molendini
729 1427 920 1485 etdimidiam
975 1445 1096 1501 corpora
1108 1436 1312 1489 assumuntur.
1328 1434 1460 1489 Obeunte
1484 1451 1551 1489 vero
1573 1441 1601 1491 to
1625 1453 1704 1492 nuno
1724 1438 1803 1512 ejus·

93 1527 206 1595 partam
222 1518 335 1590 vivarii,
350 1522 459 1574 terrem
476 1518 511 1573 de
528 1517 694 1590 bardonroy
709 1517 795 1589 eujus
811 1515 921 1572 media·
975 1519 1040 1574 dem
1057 1519 1110 1575 loci
1127 1521 1242 1587 ubhste,
1255 1520 1299 1577 vel
1314 1526 1431 1579 tuorum
1448 1522 1581 1594 quolibet
1596 1541 1802 1584 successorum

93 1617 185 1666 tatem
202 1608 321 1681 terragii
336 1607 428 1665 libere
443 1605 715 1680 recipitis,alterum
731 1605 921 1662 Baiueruede
975 1607 1806 1683 nullusibiqualibetsubreptioniaastutiasauviolau·
1859 1618 1864 1625 '

94 1700 208 1768 Guisia,
224 1699 315 1768 et,'ex
330 1701 412 1770 parte
426 1695 567 1766 Rainerii,
579 1694 708 1752 ecelesias
729 1695 830 1752 Sancti
845 1693 918 1750 Vin·
934 1730 958 1796 B
974 1697 1014 1753 tie
1031 1702 1227 1770 preponatur,
1242 1699 1300 1755 nisi
1322 1715 1409 1771 quem
1436 1700 1540 1757 iratres
1558 1702 1709 1759 communi
1732 1720 1802 1761 cou-

92 1788 182 1844 centii
199 1785 600 1843 Laudunsusistresmodios
616 1783 918 1841 frumeutiaouuatim
973 1803 1072 1853 sensu,
1088 1786 1130 1842 vel
1160 1789 1253 1859 major
1279 1805 1346 1861 pars
1372 1790 1494 1845 fratrum
1520 1791 1635 1848 consilii
1663 1792 1802 1860 sanioris,

92 1877 282 1950 persolvitis;
308 1877 336 1931 in
351 1875 497 1945 Flaudria,
512 1875 588 1948 apud
605 1874 703 1930 villam
721 1891 784 1946 quae
800 1879 921 1930 vocatur
972 1877 1134 1932 seeundum
1153 1876 1200 1932 Dei
1218 1878 1469 1934 timorcmetbcali
1482 1879 1631 1935 Benedicti
1650 1881 1802 1953 Regulam,

91 1967 141 2033 Lo,
156 1966 321 2022 bercariam
337 1981 428 2020 uuam
443 1969 473 2020 et
486 1963 636 2037 ampliue;
660 1964 736 2035 apud
760 1964 856 2032 Leuca,
873 1961 918 2016 di·
972 1964 1152 2036 providerint
1167 1964 1348 2038 eligendum.
1359 1968 1418 2023 Sub
1434 1970 1750 2027 excommunicationis
1761 1971 1804 2027 iu·

91 2055 214 2111 midism
244 2054 426 2122 bercariam
464 2054 541 2125 apud
578 2051 752 2121 chevenses,
786 2051 919 2124 quinque
972 2054 1802 2130 superprenadistrictiusinhibemus,uequisabeleeto

91 2145 207 2200 modios
233 2142 384 2212 frumenti,
400 2157 474 2214 quoe
490 2140 577 2198 solvit
592 2140 736 2197 liedulfus
751 2141 786 2196 de
802 2138 917 2207 hussel,
971 2149 1068 2200 vestro
1090 2144 1140 2216 qui
1166 2162 1217 2217 pro
1241 2150 1373 2219 tempore
1397 2147 1496 2216 tuerit,
1518 2164 1569 2220 pro
1599 2149 1802 2209 benedictione

92 2234 184 2289 altere
214 2233 250 2289 dc
284 2236 391 2304 Parpes
426 2231 493 2303 (27),
524 2246 591 2286 oum
631 2228 817 2304 pertinentiis
855 2227 918 2286 suia
972 2232 1797 2308 ipsiue,velprodeducendoseulocandoeuminscde,

92 2328 200 2379 terram
216 2338 305 2395 quam
322 2319 403 2377 dedit
414 2320 495 2377 vobis
520 2318 686 2386 Gualterus,
702 2318 788 2375 mites
811 2320 846 2375 de
869 2318 917 2375 Αἱ·
972 2324 1027 2379 sub
1052 2324 1170 2379 obtentu
1197 2322 1324 2396 alicujus
1350 2325 1586 2393 consuetudinis,
1608 2327 1795 2400 palefridum,

94 2429 154 2478 nes,
172 2416 309 2484 quartam
326 2415 438 2482 partem
453 2414 536 2465 terre
566 2407 601 2464 de
623 2407 824 2481 Worgiseurta
849 2407 916 2480 (38),
971 2428 1023 2467 seu
1038 2427 1142 2485 capam
1157 2413 1292 2480 sericam,
1308 2430 1360 2469 seu
1377 2413 1488 2488 aliquid
1504 2415 1596 2482 aliud,
1613 2432 1681 2472 cum
1704 2416 1799 2473 Simo·

91 2503 174 2571 juxta
195 2499 301 2557 Ribodi
326 2499 475 2566 Mentem,
506 2498 587 2568 item,
613 2496 642 2552 in
667 2497 813 2566 Vlandria,
837 2497 916 2569 apud
972 2500 1085 2556 niueum
1114 2501 1209 2572 sapiet
1246 2503 1434 2573 pravitatem,
1465 2504 1579 2575 exigere
1604 2505 1725 2572 audeat,
1754 2504 1798 2561 vel

95 2589 190 2644 villam
207 2605 271 2662 que
286 2587 395 2644 dicitur
419 2587 515 2655 Lacca,
531 2592 639 2643 terram
665 2587 701 2642 dc
726 2584 916 2655 llorostralis,
970 2599 1142 2660 extorquere
1157 2594 1325 2660 presumat.
1336 2590 1378 2645 Ad
1396 2589 1468 2661 haee,
1481 2590 1634 2648 libertates
1648 2597 1678 2648 et
1693 2593 1801 2649 immu-

94 2673 917 2750 derimameeptemlotorum;apudEreessnatum,di·
971 2676 1077 2733 nitstes
1097 2692 1114 2731 a
1133 2677 1263 2748 regibus,
1295 2677 1478 2750 principibus
1501 2684 1532 2735 et
1555 2678 1622 2736 aliis
1651 2682 1798 2754 personis,

94 2769 214 2824 midiam
244 2782 386 2831 marcum,
415 2773 444 2821 et
471 2765 628 2820 dimidium
659 2764 819 2832 tertonem3
838 2763 915 2835 apud
970 2770 1032 2821 tom
1054 2766 1262 2822 ecclesiasticis
1285 2783 1373 2838 quam
1399 2767 1568 2835 mundanis,
1585 2768 1802 2828 rationabiliter

91 2855 358 2924 Wallae,uudecim
375 2853 496 2924 solidos,
506 2855 631 2910 medium
642 2858 755 2926 partam
765 2854 840 2908 viti-e
852 2871 915 2925 ques
971 2857 1148 2912 monasterio
1169 2859 1264 2911 vestro
1284 2872 1453 2923 concessas,
1465 2863 1494 2913 et
1505 2857 1655 2930 antiquas,
1666 2863 1696 2915 et
1713 2859 1801 2917 ratio·

91 2948 197 3003 dicitur
223 2945 350 3001 Puteolis
374 2943 441 3016 (29),
457 2948 517 2999 tam
538 2942 568 2998 in
584 2942 669 3012 silva,
685 2959 775 3016 quam
791 2942 820 2997 in
837 2946 916 2999 terre
970 2943 1084 3000 nabiles
1106 2943 1335 3001 consuetudines
1359 2944 1500 3001 haetenus
1524 2946 1706 3017 observatae,
1721 2947 1799 3005 inte·

89 3036 204 3103 arabili,
219 3052 308 3109 quam
325 3033 477 3089 albericus
498 3031 603 3099 Waler,
620 3036 649 3089 et
672 3032 864 3089 liredabertus
878 3032 914 3088 de
970 3050 1038 3106 gras
1055 3032 1244 3105 illibataeque
1260 3051 1433 3106 permanare
1449 3037 1583 3107 presenti
1599 3038 1717 3094 decreto
1731 3054 1799 3094 sau·

90 3127 217 3192 Sanctis,
241 3129 271 3180 et
293 3123 443 3180 Gerardus
472 3120 550 3179 lilios
578 3122 643 3195 ejus
671 3121 751 3179 vobis
781 3094 951 3179 contule·c
971 3123 1076 3178 cimus.
1094 3123 1283 3179 Decernimus
1299 3139 1380 3195 ergo,
1396 3129 1451 3178 etc.

88 3216 198 3272 lerunt.
1008 3213 1065 3285 Ego
1089 3211 1289 3279 Innocentius,
1304 3210 1456 3267 Catholicis
1472 3212 1608 3269 Ecclesie
1624 3213 1797 3287 Episcopus.

125 3309 212 3376 Sane,
228 3301 377 3359 novalium
392 3305 556 3358 vestrorum
572 3299 674 3356 nullus
695 3318 710 3356 a
733 3298 814 3357 vobis
838 3298 916 3355 deci·
1007 3302 1065 3374 Ego
1080 3300 1256 3358 Octavianus
1280 3301 1348 3375 (30),
1365 3301 1529 3359 llostiensis
1554 3308 1583 3359 et
1605 3302 1799 3362 Velletreusie

92 3411 158 3451 mas
172 3393 286 3466 exigere
300 3390 344 3449 vel
360 3396 532 3464 extorquere
548 3395 718 3463 presumat.
737 3389 832 3446 Liceat
845 3405 917 3460 quo·
971 3392 1144 3465 Episcopus.

92 3499 148 3556 que
161 3482 243 3539 vobis
261 3481 395 3547 clericos,
410 3479 455 3536 vel
469 3479 560 3536 laicos
576 3479 683 3536 liberos
704 3483 733 3535 et
755 3477 917 3546 absolutos,
1007 3482 1066 3554 Ego
1086 3484 1189 3538 Petrus
1212 3480 1279 3554 (31),
1305 3479 1475 3537 Portueueis
1499 3484 1528 3537 et
1551 3480 1665 3539 Saootre
1687 3479 1799 3537 Rullum

92 3572 225 3628 aesculo
238 3570 396 3644 fugientes,
406 3569 441 3625 ad
454 3568 672 3625 conversionem
685 3567 858 3639 recipere,et
868 3582 917 3624 eos
972 3571 1138 3645 episcopua.

91 3661 156 3717 sine
169 3657 402 3717 contradictione
416 3654 918 3731 aliquadatinare.Prohibemusiu·
1008 3662 1067 3733 Ego
1080 3660 1182 3716 Petrus
1211 3660 1278 3732 (32),
1294 3659 1374 3716 tituli
1389 3664 1498 3716 sanctis
1512 3659 1631 3716 Caecilio
1647 3660 1801 3733 presbyter

90 3767 192 3823 super,
208 3754 242 3806 ut
256 3747 329 3805 nulli
344 3748 469 3804 fratrum
484 3752 658 3814 vastrorum,
674 3750 741 3819 poet
763 3746 869 3801 lactum
887 3745 916 3802 in
972 3750 1142 3807 cardinatis.

90 3842 195 3898 eodem
205 3840 268 3897 loco
280 3839 504 3913 professionem,
517 3839 560 3896 ias
571 3837 610 3894 sit
620 3837 684 3893 siue
699 3837 869 3893 abbatissui
881 3835 916 3890 li·
1009 3839 1065 3912 Ego
1080 3838 1228 3895 Jordanus
1249 3838 1318 3910 (33),
1334 3839 1485 3911 presbyter
1509 3836 1667 3894 cardinalis
1693 3845 1799 3894 sancte

90 3931 200 3997 centia,
214 3929 271 3987 nisi
285 3928 420 3985 arctioris
433 3926 585 4001 religionis
608 3927 740 3996 obtentu,
754 3926 791 3981 ab
814 3927 917 3982 eodem
973 3929 1173 3994 Pudentisne,
1190 3927 1267 3983 tituli
1285 3927 1424 3983 Pastoris.

89 4021 154 4076 loco
170 4019 339 4088 discedera;
367 4017 550 4073 discedentes
573 4032 639 4072 vero
655 4016 766 4087 absque
781 4031 917 4070 commu·
1008 4019 1068 4091 Ego
1082 4017 1233 4074 lohannes
1243 4018 1312 4090 (31),
1322 4016 1401 4073 tituli
1413 4016 1513 4074 Sancti
1528 4015 1689 4073 Clementis
1704 4014 1799 4072 curdi-

91 4110 174 4166 nium
191 4107 355 4164 littorerum
380 4105 514 4162 cautione
537 4104 638 4162 nullus
660 4105 767 4162 audeat
781 4104 916 4161 retinere.
973 4107 1060 4175 nelis,
1076 4107 1270 4163 viterbiensis
1285 4111 1313 4162 et
1328 4108 1482 4162 Tuseauus
1498 4107 1663 4177 episcopus.

90 4199 165 4254 Cum
181 4204 279 4253 autom
295 4193 432 4270 generale
445 4194 636 4250 interdictum
659 4199 742 4249 terre
767 4193 865 4262 luerit,
881 4191 917 4247 li·
1009 4198 1067 4268 Ego
1084 4201 1166 4269 hugo
1185 4197 1252 4268 (35),
1268 4198 1420 4268 presbyter
1434 4193 1592 4251 cardinalis
1607 4193 1704 4250 Sancti
1720 4198 1798 4250 llar-

90 4285 258 4352 ceatvobis,
270 4283 380 4342 clausis
392 4283 503 4356 junuis,
515 4280 642 4340 exclusis
657 4281 918 4339 excommunicatis
973 4285 1026 4342 tini
1040 4284 1116 4339 tituli
1129 4283 1259 4356 AEquitii.

90 4382 120 4432 et
132 4375 308 4440 interdictis,
320 4390 377 4431 nou
388 4372 919 4446 pulsatiscompanie,submissavoca
1009 4376 1068 4446 Ego
1083 4373 1233 4429 lohannes
1245 4372 1312 4444 (36),
1328 4370 1407 4427 tituli
1421 4371 1520 4427 Sancti
1537 4371 1679 4443 Stephani
1696 4369 1725 4427 in
1741 4371 1800 4428 ure-

89 4465 193 4521 divina
216 4464 313 4521 dificia
339 4462 495 4520 celebrare.
519 4461 549 4518 ln
574 4460 793 4534 parochialibus
821 4465 917 4517 autem
935 4469 958 4534 Ι)
974 4463 1012 4521 lio
1033 4464 1129 4519 Monte
1145 4461 1295 4533 presbyter
1310 4460 1478 4517 cardinalis.

89 4553 225 4610 ecclesiis
240 4569 314 4626 ques
329 4551 455 4621 habetis,
472 4549 558 4607 liceat
572 4550 655 4606 vobis
671 4549 806 4623 proprios
824 4565 920 4606 sacer·
1010 4554 1068 4624 Ego
1080 4550 1228 4607 Sotiredus
1253 4551 1322 4620 (37),
1337 4548 1416 4606 tituli
1437 4551 1549 4606 Sancte
1565 4549 1702 4606 Praxedis
1717 4566 1801 4623 pree·

89 4645 177 4700 doles
191 4642 316 4716 eligere;
333 4641 453 4714 quibus,
469 4641 493 4698 si
509 4639 606 4696 idonei
628 4639 745 4710 luerint,
761 4639 919 4713 episcopus
974 4645 1056 4715 hyter
1071 4639 1242 4696 cardinalis.
1645 4696 1648 4701 4

87 4734 287 4799 dioeceeanue,
302 4727 477 4787 coiavobie
493 4729 602 4784 suerint
623 4729 801 4801 presentati,
817 4743 919 4784 curam
1010 4733 1068 4802 Ego
1084 4729 1243 4786 Gratianus
1259 4728 1327 4799 (38),
1356 4731 1528 4784 Sanctorum
1553 4729 1666 4784 Coemre
1691 4732 1721 4784 at
1743 4726 1800 4784 Da·

87 4821 260 4877 animarum
277 4818 449 4887 committat,
467 4822 499 4874 ut
513 4817 540 4872 ei
557 4818 593 4872 de
608 4815 824 4888 spiritualibus,
836 4817 919 4874 vohis
974 4819 1064 4876 miani
1080 4819 1222 4873 diaconus
1239 4815 1408 4872 cardinalis.

127 5002 174 5071 (21
201 4997 687 5071 1011000,011100000306060100.
1023 4997 1069 5068 32)
1086 4995 1155 5051 Vide
1173 4990 1331 5063 Epistulam
1349 4987 1429 5070 Libri
1445 4988 1539 5060 quinti
1555 5005 1642 5056 xxxii,
1659 4992 1718 5044 not.

127 5075 175 5142 (25
203 5074 321 5129 tirmior.
1023 5070 1069 5135 33)
1083 5068 1156 5121 Vide
1171 5063 1331 5135 Epistolam
1348 5060 1427 5116 Libri
1440 5061 1536 5133 quinti
1553 5077 1645 5126 cxxiv,
1661 5064 1722 5116 not.

128 5146 186 5210 (26(
202 5140 504 5200 dommus-temisve.
1011 5141 1054 5212 (et
1081 5138 1152 5193 Vide
1168 5134 1328 5208 Epistulam
1346 5132 1421 5188 Lihri
1439 5132 1513 5187 sexti
1528 5148 1615 5193 cxvii,
1631 5138 1690 5187 not.

127 5219 185 5289 (71)
201 5211 459 5286 carpes-tevine,
497 5213 527 5268 in
565 5209 688 5268 Dioeoeei
719 5209 919 5278 laudunensi,
1011 5213 1056 5284 (35
1085 5210 1154 5265 Vide
1169 5206 1329 5279 Epistulam
1346 5204 1423 5260 Libri
1448 5203 1526 5259 tertii
1548 5207 1740 5274 xu1,not.,oi
1763 5203 1798 5260 ad

88 5282 461 5362 propaltibodiddonlem.
974 5282 1134 5355 Epistulam
1151 5298 1200 5345 v11,
1216 5280 1302 5333 inira.
1366 5346 1372 5357 θ
1413 5345 1419 5356 ,
1480 5344 1485 5355 ¹
1525 5343 1531 5356 .

128 5360 184 5426 yffi)
203 5357 377 5429 Verpieourt,
391 5357 427 5413 da
442 5371 500 5430 quo
513 5352 586 5410 nihii
604 5352 701 5409 hodic.
1009 5355 1065 5422 (36)
1078 5354 1151 5408 Vide
1165 5349 1324 5422 Epistulam
1342 5345 1421 5427 Libri
1436 5348 1532 5429 quint!
1548 5362 1665 5415 cxxxiii,
1681 5349 1740 5402 not.

129 5432 186 5502 (29)
200 5431 344 5486 Psisieuc.
1011 5426 1065 5496 (37)
1081 5425 1152 5481 Vide
1167 5421 1328 5495 Epistulam
1344 5417 1423 5474 Libri
1439 5422 1535 5489 quinti
1549 5434 1587 5490 vr,
1603 5422 1664 5476 not.

129 5503 177 5565 (30
203 5502 276 5560 Vide
290 5502 326 5558 ad
343 5500 502 5571 Epistolam
519 5497 597 5555 Libri
614 5497 693 5553 tertii
709 5513 747 5563 xi,
765 5499 824 5552 not.
1011 5499 1068 5568 (38)
1083 5497 1155 5554 Vide
1170 5494 1281 5553 netad
1298 5487 1458 5564 Epistulam
1473 5505 1524 5546 vu.

132 5576 175 5647 (31
203 5573 275 5632 Vide
290 5571 450 5646 Epistolam
467 5572 545 5629 Libri
560 5569 655 5644 quinti
672 5585 746 5641 uu,
762 5573 822 5627 not.
