3796 5986
52 232 107 290 iffi

426 356 514 414 cxlx

56 464 95 522 id
107 466 245 522 tenacem
261 464 327 535 (22),
344 463 469 520 abbatem
482 462 578 520 Sancti
605 463 736 519 (termam
749 465 782 520 dc
811 469 883 520 Ρω-

89 539 138 603 ets,
152 538 389 609 ejusquesrutrcs,
414 540 446 592 tn
466 546 642 607 perpetuam.
659 565 694 577 -
709 536 815 607 Recipit
838 552 883 593 eos

86 610 138 664 sat
163 607 339 680 protectione
360 609 528 680 apostolica,
561 612 588 664 et
611 613 811 664 enumerantur
836 610 884 665 bo·

88 698 127 737 aa
140 686 183 737 cst
193 682 266 753 ipsos
280 678 442 753 spectantia.

231 797 328 867 (Anno
343 795 423 853 tuot.
442 793 569 859 Gorneti,
584 794 654 849 Nov.
670 796 711 866 8.)

56 912 106 981 [llx
136 911 320 995 apographo,
348 911 425 984 quod
455 910 491 965 ad
519 909 607 965 tidem
636 909 822 982 autographi,
851 909 881 966 in

87 984 219 1039 archivis
234 984 406 1039 monasterii
420 982 449 1038 S.
466 983 602 1038 Germani
620 983 656 1037 de
671 985 765 1038 Pratis
786 997 882 1038 assar-

86 1055 159 1123 vsti,
176 1054 335 1125 diligenter
348 1054 514 1126 exscripsit,
530 1069 565 1109 ac
580 1053 736 1110 nobiscum
750 1070 882 1109 commu·

87 1126 201 1183 nicaeit
215 1125 248 1182 D.
266 1125 386 1193 l’cirier,
404 1129 582 1191 Habeamus,
599 1124 681 1196 ibic,
698 1142 727 1199 p.
743 1125 835 1197 itit]

87 1255 284 1306 tssoasursus
312 1251 480 1320 episcopus,
507 1264 610 1305 servus
639 1264 791 1305 servorum
820 1250 880 1318 Det,

56 1339 171 1394 dilectis
188 1338 269 1409 tiliis,
283 1338 399 1404 losum,
415 1337 514 1394 abbati
537 1337 637 1394 Sancti
651 1337 789 1394 Germani
805 1338 882 1393 Pari·

640 235 942 291 consumunmt.
964 238 997 275 '-
1017 236 1076 291 All.
1098 232 1177 290 leot.

896 363 922 430 Α
938 361 1072 430 scopata,
1090 357 1244 416 ecclesiam
1260 359 1297 417 dc
1310 360 1404 433 Gillls,
1420 361 1574 422 ecclesiam
1590 364 1627 421 da
1638 362 1765 424 Vllsrbi·

1711 238 1764 299 tto

937 447 1014 511 obet,
1031 449 1357 519 ecclesiamdebtarri3
1387 453 1418 509 ln
1447 452 1621 511 Bituricensl
1650 453 1764 527 episcc-

935 538 1016 607 pstu,
1033 536 1186 593 ecclesiam
1197 538 1407 602 deBritimeco.
1418 540 1572 599 ecclesiam
1589 542 1764 613 Novevllle,
1861 526 1865 535 ⁸

935 624 1090 681 ecclesiam
1106 626 1143 682 da
1159 627 1321 696 Lemaus03
1337 627 1368 685 in
1389 630 1553 688 Pictavenai
1581 631 1764 706 episcopatu,

934 713 1089 770 ecclesiam
1104 715 1140 770 de
1151 715 1330 789 Naintrisco,
1345 717 1499 776 ecclesiam
1515 720 1616 778 Sancti
1640 721 1765 780 loannis

934 799 971 856 de
986 801 1059 858 Foro
1075 802 1306 861 Castri-Eraudi.

969 891 1127 947 predictas
1141 896 1241 948 sutem
1256 894 1408 965 ecclesias,
1424 913 1492 952 cum
1509 897 1650 955 omnibus
1665 898 1701 957 ad
1713 915 1763 957 aaa

934 978 1160 1050 pertinentibus,
1172 981 1309 1038 sicutsas
1331 985 1471 1042 cononice
1488 987 1659 1059 possidetis,
1677 986 1763 1047 vobis

933 1071 962 1121 et
977 1068 1156 1124 monasterio
1171 1074 1277 1137 vestro,
1304 1072 1478 1129 secularitate
1506 1074 1666 1147 apostolica
1689 1092 1763 1134 con·
1854 1110 1858 1121 .

934 1154 1098 1223 llrmsmua,
1114 1159 1266 1229 presentis
1281 1160 1383 1232 scripti
1414 1164 1521 1236 pagins
1535 1168 1709 1235 statuentes,
1728 1168 1763 1223 ut

933 1242 963 1298 in
979 1245 1016 1299 iis
1032 1247 1305 1316 repraesentationes
1320 1251 1558 1323 presbyterorum
1571 1254 1635 1310 sine
1645 1257 1762 1312 contes-

933 1332 1062 1388 dictione
1078 1334 1208 1406 qualibet
1224 1336 1369 1405 habeatis,
1386 1339 1463 1395 siout
1473 1342 1700 1413 predecessores
1709 1358 1759 1400 vs·

56 1426 174 1492 aiensis,
190 1427 316 1499 ejusque
331 1427 483 1494 iratribus,
498 1431 560 1481 tam
573 1426 766 1499 presentibus
792 1443 881 1498 quam
933 1423 998 1485 stri,
1012 1428 1042 1477 et
1055 1439 1107 1479 voa
1121 1423 1191 1495 ipsi,
1206 1425 1243 1481 ab
1273 1425 1397 1500 antiquo
1418 1434 1582 1486 noscuntur
1608 1430 1761 1489 habuisse.

56 1513 675 1588 lutaris,cegularcmvitampmieesis,in
696 1520 881 1588 perpetuum.
934 1509 1046 1566 Silero
1074 1513 1247 1585 prtflblterb
1278 1515 1329 1586 qui
1357 1516 1393 1570 td
1424 1518 1682 1590 wlitffltnllonssm
1713 1535 1763 1577 Vt·

88 1605 192 1661 tionet
206 1622 260 1662 nos
275 1604 440 1676 apostolice
453 1604 544 1671 sedis,
559 1604 618 1669 cui,
647 1602 715 1660 licet
730 1604 881 1675 immeriti,
931 1604 1022 1654 stram
1039 1599 1068 1655 in
1086 1601 1190 1657 vestris
1205 1601 1338 1658 ecclesiis
1356 1604 1464 1660 tuerint
1476 1605 1617 1676 instituti,
1633 1607 1669 1664 ds
1688 1612 1763 1665 tem·

57 1694 261 1765 presidemus,
277 1694 446 1757 auctoritas,
463 1698 495 1748 ut
509 1693 545 1747 de
561 1697 639 1748 statu
667 1691 800 1747 omnium
828 1692 881 1748 Eo·
934 1686 1086 1759 paratibus
1102 1688 1183 1745 vobis
1199 1691 1377 1762 respondere
1392 1692 1551 1766 noluerint,
1568 1696 1763 1754 subtrahendi

56 1783 216 1839 clcsiacum
233 1782 399 1855 generalem
414 1782 573 1838 debeamus
588 1780 816 1838 sollicitudiuem
831 1797 881 1855 ga·
938 1776 1388 1850 cistemporalia‚quoavcbis
1417 1785 1528 1854 tenent,
1556 1783 1679 1841 liberam
1709 1785 1762 1843 bs-

56 1888 123 1931 rsre.
142 1876 175 1928 et
189 1875 269 1927 circa
282 1871 439 1927 tuitionem
454 1886 556 1927 aarum
580 1870 724 1941 precipua
752 1869 883 1942 vigilare,
938 1863 1031 1921 beatis
1046 1867 1219 1923 auctoritato
1235 1868 1396 1941 apostolica
1411 1870 1591 1932 facultatem.

55 1977 114 2032 que
146 1963 319 2031 specialiter
347 1959 425 2016 besti
441 1958 516 2015 Petri
541 1957 774 2030 lurisoxismnt,
803 1960 882 2015 atad
974 1954 1256 2029 secernimusergo,
1282 1962 1315 2013 ut
1342 1958 1765 2019 nulliomninobomiaumli·

56 2058 190 2107 noctram
221 2049 466 2120 jurisdictionem,
494 2046 576 2103 nullo
607 2048 762 2115 mediante,
793 2049 883 2121 perti-
938 2049 1003 2099 ccat
1018 2044 1172 2115 prefatum
1202 2048 1415 2104 monasterium
1443 2054 1552 2108 temere
1580 2052 1763 2124 perturbare,

55 2147 133 2207 nent,
151 2137 334 2196 ettutalam.
358 2140 551 2210 Quapropter,
573 2135 672 2192 dilecti
700 2136 731 2192 in
760 2136 883 2193 Domino
938 2134 1615 2207 autejut90⁸⁸⁸⁸⁸l⁰¹¹⁰⁸¹⁰f⁰ii⁰2l0¹thiam
1626 2142 1762 2209 militm·

55 2230 244 2291 lilii,vestris
267 2228 361 2300 J'ustis
376 2226 624 2300 postulationibus
651 2224 811 2282 clementer
831 2243 883 2282 an·
939 2221 1082 2291 minuere,
1114 2239 1165 2280 seu
1195 2224 1376 2295 quibuslibet
1399 2229 1602 2286 vexationibus
1631 2230 1764 2305 fatigare,

55 2320 189 2379 unimus.
206 2324 235 2373 et
251 2317 463 2375 monasterium
478 2322 618 2378 vestrum,
648 2315 725 2385 quod
747 2314 883 2371 llomsne
938 2312 989 2367 scd
1005 2312 1105 2367 omnia
1121 2313 1236 2370 illibata
1250 2322 1278 2369 et
1293 2314 1406 2387 integra
1420 2324 1640 2386 conserventur,
1661 2336 1764 2379 sorum

55 2406 193 2463 icolesie
205 2404 528 2478 specialiteradbeeerc
539 2403 732 2476 dignoscitur,
742 2405 778 2459 ad
789 2419 885 2460 exem·
939 2416 991 2472 pro
1008 2416 1134 2472 quorum
1149 2403 1363 2471 gubernatione
1391 2422 1425 2461 ac
1452 2407 1668 2466 sustentatione
1693 2426 1764 2469 cuc·

55 2496 191 2568 ptarpie
208 2495 414 2550 recordationis
425 2492 581 2551 Alexandri
606 2508 699 2564 pape,
727 2493 885 2564 predeces-
938 2505 1023 2544 cessa
1043 2496 1124 2556 suot,
1154 2491 1259 2547 usibus
1287 2493 1465 2551 omnimodis
1494 2497 1659 2568 protutura,
1687 2498 1767 2555 salsa

55 2588 132 2641 soris
148 2584 257 2648 nostri,
272 2584 328 2640 sub
344 2583 419 2639 beati
438 2583 512 2639 Petri
527 2587 556 2638 et
578 2589 677 2638 nostra
708 2582 885 2652 protectione
938 2577 1018 2633 sedis
1033 2578 1201 2650 apostolice
1216 2581 1400 2638 auctoritate.
1412 2583 1442 2638 si
1457 2601 1515 2656 qua
1532 2584 1623 2657 igitur
1638 2586 1667 2642 in
1682 2587 1765 2644 tutu·

55 2672 262 2745 „3059me
277 2677 305 2729 „t
316 2672 468 2744 prmum
479 2671 580 2742 ,gripu
592 2670 742 2743 privilegio
753 2687 885 2727 oommu.
939 2681 1005 2721 rum
1016 2664 1417 2736 ecclesiasticasecularisve,
1427 2688 1561 2743 persona,
1572 2673 1648 2731 banc
1660 2680 1766 2733 nostre

56 2764 179 2828 nimus:
196 2764 374 2829 statuentes,
391 2765 423 2816 ut
446 2775 640 2833 quascunque
669 2759 882 2832 possessiones,
938 2755 1160 2812 constitutionis
1176 2758 1312 2829 paginam
1330 2759 1436 2827 sciens,
1452 2765 1555 2818 contra
1574 2778 1638 2820 eam
1656 2771 1765 2824 lamera

53 2850 333 2923 qumunqugbon,
362 2849 438 2906 idom
455 2849 666 2906 monggpgrium
682 2848 884 2920 summes..
939 2842 1038 2899 venire
1066 2848 1233 2913 tentaverit,
1260 2849 1390 2904 secundo
1418 2851 1539 2907 tertiove
1565 2853 1764 2925 commonita,

56 2957 125 2996 rum
138 2941 224 3012 juste
238 2944 268 2995 et
281 2938 422 2995 canonica
446 2938 586 3010 possidet,
615 2944 667 2993 sut
694 2940 725 2993 in
751 2941 883 2994 futurum
938 2931 995 2987 uisi
1012 2938 1125 2989 reatum
1147 2950 1234 2991 suum
1257 2952 1388 3010 congrua
1409 2938 1609 2998 satisfactione
1630 2957 1763 3001 correxe-

53 3029 249 3085 coucesaione
281 3027 476 3100 pontificum,
515 3026 669 3099 largitione
703 3043 802 3099 regum
840 3025 884 3083 vel
940 3020 987 3089 rit,
1012 3023 1167 3094 potestatis
1197 3022 1373 3098 honorisque
1405 3027 1449 3084 sui
1479 3029 1624 3103 dignitate
1652 3035 1762 3104 careat,

55 3118 239 3191 principum,
265 3116 412 3174 oblatione
440 3114 585 3180 fidelium,
619 3130 670 3171 seu
700 3114 766 3172 aliis
798 3096 1371 3190 JustisGreamquasedivmojudieto
1397 3125 1522 3182 existere
1544 3125 1579 3183 de
1604 3131 1772 3201 perpetrata

56 3208 172 3273 modis,
188 3213 345 3279 prestante
359 3205 495 3274 Domino,
525 3204 632 3278 poterit
660 3205 784 3276 adipsci,
804 3208 890 3261 ltrma
940 3204 1098 3277 iniquitate
1113 3214 1280 3281 cognoscat,
1296 3217 1357 3268 ets
1377 3213 1578 3272 sacratissimo
1607 3220 1771 3291 corporsat

58 3295 145 3352 vobis
157 3296 321 3367 castrisque
335 3294 570 3359 successoribus,
587 3298 616 3350 et
632 3293 746 3350 illibata
774 3310 889 3367 perma-

59 3385 217 3451 neant3in
243 3383 352 3456 quibua
382 3386 441 3440 bec
471 3383 596 3457 propriis
627 3383 766 3439 duximus
793 3382 889 3456 expri-

940 3293 1085 3365 sauguine
1100 3296 1152 3353 Dei
1167 3302 1193 3353 et
1212 3300 1327 3355 Domini
1346 3301 1551 3376 Redemptocis
1579 3306 1673 3362 nostrl
1701 3307 1773 3364 lesu

940 3382 1047 3439 Christi
1064 3384 1162 3441 aliena
1186 3389 1249 3452 ilat,
1275 3393 1364 3462 utque
1393 3390 1423 3447 in
1436 3396 1567 3450 extremo
1581 3394 1714 3452 examina
1728 3393 1774 3451 di·

61 3474 175 3532 menda
188 3472 359 3530 vocabulis:

99 3561 511 3636 iaspiscopstuSanuusnsi,
539 3561 678 3619 ecclesias
705 3563 742 3618 de
774 3563 890 3635 imant,

58 3651 218 3709 ecclesiane
234 3651 340 3708 liontis
355 3650 475 3719 lutea,
492 3649 646 3708 ecclesiam
661 3651 698 3708 de
720 3651 890 3720 Matricolis,

57 3741 217 3799 ecclesiam
246 3741 327 3797 Beati
355 3740 589 3813 muncellum
614 3740 829 3808 Mustcriolum,
845 3757 891 3797 ec·

61 3830 187 3887 cleaism
202 3830 239 3885 de
254 3828 354 3900 Laval,
383 3828 536 3886 ecclesiam
559 3829 658 3886 Sancti
688 3829 763 3886 Petri
779 3829 814 3886 de
842 3846 892 3887 vc·

63 3920 179 3977 teribus
193 3918 348 3991 Matriolis,
365 3918 518 3976 ecclesiam
534 3919 570 3975 de
586 3917 750 3987 leusolis;
768 3918 798 3975 iu
812 3920 893 3991 episn

61 4015 171 4082 copata
188 4007 358 4073 Pariaienai,
380 4007 536 4064 ecelesiam
562 4007 660 4064 Sancti
689 4007 893 4064 Germani-Ve-

63 4099 226 4154 tertsintra
243 4097 357 4164 urbem,
390 4095 544 4153 ecclesiam
572 4096 654 4152 Ville
682 4101 778 4163 Nove,
806 4095 894 4152 ecclc·

942 3471 1050 3528 stricte
1063 3471 1168 3530 ultioni
1180 3475 1344 3547 subjaceat.
1356 3479 1476 3537 Cunctis
1490 3486 1589 3539 autem
1599 3484 1694 3541 cidem
1708 3482 1773 3541 lecu
1874 3528 1877 3535 .

940 3577 995 3617 sua
1007 3562 1078 3632 jura
1092 3565 1289 3635 servantibus,
1306 3567 1346 3622 sit
1370 3585 1426 3640 pax
1454 3569 1568 3626 Domini
1584 3570 1679 3628 nostri
1701 3571 1773 3629 lesa

942 3648 1062 3717 Christi,
1079 3656 1225 3721 quatenus
1250 3659 1279 3711 et
1303 3654 1352 3712 bic
1382 3656 1509 3715 tructam
1536 3658 1620 3716 hona
1647 3658 1773 3719 actionis

943 3738 1118 3811 percipiant,
1134 3746 1163 3796 et
1189 3744 1267 3815 apud
1298 3744 1466 3804 districtum
1492 3748 1623 3819 jadicem
1652 3748 1774 3823 premia

944 3832 1058 3884 eterne
1074 3829 1155 3900 pacis
1170 3829 1331 3889 inveniant.
1345 3836 1449 3907 Amen,
1464 3853 1561 3909 amon,
1578 3853 1677 3895 amen.

979 3917 1039 3988 ligo
1055 3917 1256 3987 Innocentius,
1273 3920 1423 3979 catholica
1438 3924 1574 3982 Ecclesiae
1601 3925 1770 4000 episcopus.

980 4004 1039 4077 Ego
1053 4005 1194 4075 loannes,
1210 4009 1387 4068 Albaaensls
1399 4013 1567 4087 epiecopus.

981 4094 1039 4166 ligo
1053 4094 1193 4157 ioannes.
1209 4097 1381 4157 Sabiaensis
1394 4101 1562 4174 episcopua.

67 4190 143 4243 siam
160 4187 198 4243 dc
212 4186 317 4255 Crasso,
332 4185 483 4243 ecclesiam
511 4186 547 4241 de
561 4185 718 4252 Valcaton,
740 4184 892 4242 ecclesiam
982 4186 1039 4255 Ego
1054 4183 1204 4248 Nicotaus,
1218 4186 1449 4246 Tusculanensis
1464 4191 1633 4263 episcopus.

65 4277 101 4333 de
129 4275 290 4343 Thodasio,
320 4274 475 4333 ecclesiam
504 4276 539 4331 de
569 4275 714 4341 Peredio,
743 4274 894 4331 ecclesiam
982 4275 1040 4344 Ego
1057 4272 1162 4341 Guido,
1180 4276 1559 4350 Pressestiuusspiscopus.

65 4365 233 4431 antoniaci,
258 4364 414 4422 ecclesiam
440 4364 477 4421 de
505 4363 661 4431 Vsrrsriis,
690 4361 845 4420 ecclesiam
860 4364 896 4420 de
983 4360 1041 4432 ligo
1058 4360 1226 4433 Gregorius,
1243 4364 1343 4419 Sancti
1354 4364 1471 4440 Georgii
1481 4368 1517 4423 ad
1528 4367 1633 4425 Velum
1644 4370 1772 4429 Aurea·

64 4452 256 4518 Aucainvilla.
270 4453 427 4511 ecclesiam
442 4455 479 4509 de
497 4451 649 4521 Surisuis;
669 4451 698 4508 in
723 4452 894 4525 episcopatu
910 4463 934 4528 1)
949 4448 1092 4505 diaconus
1108 4450 1277 4507 cardinalis.

66 4544 252 4608 umescant,
267 4542 420 4600 ecclesiam
444 4541 541 4599 Ssucti
573 4541 692 4599 Martini
718 4542 755 4597 de
783 4541 895 4608 Drusis,

66 4631 221 4690 ecclesiam
237 4632 351 4689 Sancte
367 4631 464 4688 liaris
476 4630 661 4705 Magdalene
672 4632 709 4686 de
724 4630 823 4687 Monte
834 4629 897 4686 Cal·

67 4721 146 4790 salo,
157 4720 313 4779 ecclesiam
328 4719 447 4777 Domini
461 4719 590 4788 lbscdm,
606 4719 761 4777 ecclesiam
777 4719 898 4776 Leonis·

68 4826 145 4877 ram,
157 4808 314 4866 ecclesiam
329 4807 525 4876 delleelileta
537 4807 690 4866 ecclesiam
703 4809 738 4863 de
752 4806 894 4880 septulim

68 4898 97 4954 in
112 4899 285 4972 episcopatu
299 4896 542 4970 Rctbomagensi,
566 4895 721 4953 ecclesiam
752 4896 895 4967 Leodega·

69 4987 114 5053 sii,
131 4987 287 5046 ecclesiam
304 4986 341 5044 de
356 4985 458 5053 litera,
473 4985 629 5044 ecclesiam
644 4986 680 5043 de
704 4987 894 5059 Longuerss;

70 5075 99 5133 in
113 5075 321 5134 suessionensi
336 5075 518 5147 episcopatu,
535 5074 689 5132 ecclesiam
706 5076 742 5132 de
753 5075 896 5149 Navigan-

71 5170 119 5233 to;
133 5168 164 5223 iu
180 5164 323 5223 bieldoasi
338 5162 521 5238 episcopatu,
536 5163 688 5222 ecclesiam
704 5166 739 5222 de
751 5163 834 5231 Colli,
851 5180 896 5220 ec-

72 5255 189 5313 clesiam
204 5255 300 5312 flecta
316 5253 414 5311 llarie
430 5254 466 5311 de
482 5252 720 5320 Romainvillare,
739 5252 893 5310 ecclesiam

74 5343 256 5411 delicatum,
272 5341 425 5402 ecclemam
441 5342 478 5400 ds
493 5341 597 5406 abab,-
620 5341 651 5398 in
680 5342 808 5399 Eduensi
833 5342 894 5415 epi·

105 5562 166 5637 (22)
176 5559 252 5617 Vide
265 5573 356 5632 supas
368 5560 430 5617 aot
445 5556 483 5615 ad
496 5554 652 5632 epistolam
666 5572 771 5614 meu.

228 5679 363 5743 Pauus.
383 5675 526 5743 ccsvll.

985 4540 1044 4609 Ego
1058 4538 1163 4607 Guido,
1187 4541 1285 4596 sancti
1301 4540 1412 4600 Nicolai
1436 4544 1465 4600 in
1489 4549 1611 4604 caruem
1638 4545 1774 4605 Tulliano

949 4624 1093 4684 diaconus
1106 4626 1274 4686 cardinalis.

985 4716 1044 4859 Ego
1058 4716 1198 4861 tloaanoe,
1209 4718 1324 4776 Sancte
1335 4720 1430 4778 liarie
1441 4723 1470 4778 iu
1484 4723 1538 4780 Via
1547 4725 1618 4783 Lata
1629 4725 1772 4783 diaconae

950 4821 999 4860 sar
1021 4822 1069 4861 sna
1083 4823 1118 4862 ss.

986 4894 1044 4965 ligo
1059 4894 1163 4962 Gustu,
1179 4896 1291 4954 Sancte
1316 4898 1414 4956 Marie
1430 4899 1460 4956 in
1488 4900 1605 4959 Portica
1633 4902 1774 4961 diaconus

950 4983 1122 5042 cardinalis.

988 5072 1046 5143 Ego
1074 5073 1215 5145 loannes,
1240 5075 1415 5133 Sanctorum
1444 5077 1557 5134 Cosme
1584 5081 1613 5134 et
1640 5076 1777 5137 Damlsnl

953 5159 1097 5218 diaconus
1111 5163 1280 5223 cardinalis.

985 5249 1044 5323 Ego
1075 5251 1230 5325 Pelagius,
1260 5254 1370 5311 Sancte
1397 5254 1491 5312 Lucie
1521 5255 1559 5311 ad
1585 5256 1675 5330 Septa
1702 5257 1780 5320 Salis
1886 5216 1890 5223 Ι

948 5339 1094 5398 diaconus
1110 5342 1280 5401 cardinalis.
