3796 5986
771 176 981 235 innocuum
999 182 1037 237 111
1057 181 1171 237 PAPAE.

117 177 170 237 wi

368 975 667 1067 DIALOGUS
696 975 867 1067 INTER
896 977 1054 1070 DETM
1082 981 1155 1067 ΕΤ
1182 978 1577 1071 ΡΕΟΟΑΤΟΒΕΜ.

888 1321 1091 1389 stouffen.

585 1454 665 1533 (Mai,
676 1454 858 1530 Spiciisqiurn
885 1456 1050 1528 nomene,
1064 1460 1138 1518 mm.
1152 1456 1201 1531 VI,
1216 1471 1285 1533 peg.
1299 1457 1374 1516 562.)

163 1764 285 1823 Alterum
312 1763 464 1822 innocentii
488 1763 519 1821 s'n
543 1761 709 1822 bibliotheca
735 1763 867 1820 Vaticano
890 1768 1098 1833 ¹monumentum
1120 1767 1223 1838 reperi,
1247 1767 1378 1825 Palatino
1400 1766 1489 1826 codici
1510 1767 1722 1838 365inscrsuns,
1735 1769 1834 1825 inseri

47 1874 52 1883 -
128 1844 260 1912 ptnmque
275 1836 408 1905 oistopus
423 1835 585 1893 innocentii
599 1834 676 1892 tertii
692 1835 769 1891 inter
783 1834 876 1891 Deum
891 1839 921 1890 et
935 1840 1129 1909 peccatorem,
1143 1853 1223 1910 quem
1237 1838 1380 1910 dictoqusn
1394 1848 1490 1897 utrum
1503 1844 1569 1896 anie
1582 1856 1621 1896 an
1634 1845 1699 1913 post
1720 1839 1834 1912 pontifi·

129 1917 226 1966 catum
240 1908 381 1979 scripserit
394 1907 502 1979 iqnoro‚
516 1923 603 1978 neque
615 1906 691 1963 enim
705 1906 809 1974 ipscde
822 1922 851 1963 sc
869 1905 1045 1963 Innocentius
1061 1909 1193 1980 toquiiur,
1208 1910 1255 1966 sed
1268 1911 1414 1982 cujustibet
1426 1910 1576 1984 pecoaiors's
1601 1927 1752 1985 personam
1775 1928 1836 1970 cuns

73 1979 77 1999 '
131 1981 188 2036 beo
203 1981 358 2052 ioquesucm
366 1979 534 2044 introducitc
547 1995 597 2035 nco
612 1977 830 2050 veroquisquam
842 1979 970 2045 miretur,
985 1979 1132 2048 diobqurn
1157 1981 1231 2037 bunc
1257 1981 1393 2040 indensis
1411 1998 1466 2040 non
1478 1985 1627 2050 recenseri.
1644 1981 1739 2040 multe
1761 1982 1834 2041 aue

130 2051 190 2110 aiio
202 2050 261 2108 siue
275 2053 363 2123 edito,
377 2052 437 2109 sice
452 2051 557 2106 inedita
570 2051 727 2107 lnnooents's'
753 2052 860 2122 scripta
872 2050 984 2106 auderi
998 2049 1138 2108 Gestorum
1152 2052 1249 2125 iqnota
1260 2055 1383 2126 [meunt.
1409 2053 1532 2127 Accipiat
1559 2057 1646 2127 iqitsn
1674 2053 1836 2113 cennens

28 2170 32 2175 ,
129 2123 250 2194 bacinia
262 2122 451 2209 huncquoque
464 2138 482 2177 a
495 2121 575 2179 nobis
590 2122 687 2190 maqns'
700 2121 841 2193 pontificis
867 2120 1097 2191 lucubrationem,
1140 2137 1186 2182 uae
1209 2123 1274 2181 dans
1294 2124 1537 2196 reiiqiosissimuns
1559 2127 1685 2184 autoris
1713 2127 1837 2184 αιιίιιιιιιιι

128 2191 299 2267 comprobat,
314 2194 464 2266 ieqcnnnm
476 2192 586 2267 pariter
599 2191 731 2266 pietatem
745 2194 850 2250 accitas
863 2208 1024 2266 morumque
1036 2209 1114 2251 emen
1165 2197 1257 2253 ionem
1266 2195 1390 2271 impense
1403 2197 1513 2256 suades.

565 2373 762 2438 DIALOGUS
785 2371 907 2437 lupun
928 2372 1038 2438 DEUM
1059 2376 1110 2439 Eu
1132 2375 1399 2443 Pssocsuouebt

163 2669 238 2739 Quia
252 2669 320 2743 pius
334 2672 364 2727 ei
377 2669 545 2727 misericors
552 2668 706 2738 Dominus,
717 2667 822 2725 fraires
841 2661 955 2726 cbaris-
969 2667 997 2737 Α
1013 2671 1053 2737 ie,
1069 2671 1208 2741 poterone
1224 2671 1373 2746 percipere
1386 2673 1466 2747 quod
1482 2673 1604 2731 verbnm
1624 2672 1698 2732 iliud
1720 2691 1740 2732 a
1760 2673 1839 2733 nesti

65 2776 68 2783 ·
129 2759 211 2827 simi,
224 2757 380 2832 permittit,
396 2757 581 2831 imogratum
591 2757 657 2827 ei‚s
673 2757 790 2815 miseris
806 2773 839 2814 ss
855 2762 962 2815 morta·
1016 2759 1159 2831 propbeta
1173 2763 1225 2817 tuo
1241 2760 1397 2834 probatum
1409 2762 1442 2819 in
1457 2761 1697 2836 meimpleaturi

130 2848 209 2914 Rbus
220 2847 360 2915 invocari,
371 2846 494 2920 erigitur
508 2847 582 2903 mibi
598 2862 717 2919 quoque
733 2846 868 2914 audacio,
893 2845 962 2904 lieet
1260 2865 1333 2907 onae
1360 2867 1397 2908 ιιι
1426 2866 1608 2909 rmcsrousu

133 2937 255 3012 indigno
269 2941 299 2993 ct
314 2935 473 3009 peccatori,
489 2935 639 2992 clamandi
654 2935 690 2990 sd
708 2940 799 2991 mum
814 2951 884 2991 voce
897 2951 960 2991 ma·
1051 2935 1105 2993 Pro
1120 2942 1199 2996 certo
1214 2939 1292 3012 qnod
1308 2939 1353 2997 sio
1367 2956 1451 2998 orare
1461 2940 1598 2997 doooiits
1608 2939 1700 2998 eitius
1711 2943 1839 3000 cousub-

133 3032 245 3101 μοι
269 3025 363 3097 ipsius
384 3023 570 3081 clementiam
595 3023 841 3080 invocandi.Non
871 3024 961 3094 igitur
1014 3023 1162 3082 stantialis
1181 3026 1560 3097 mibieicoaisrnus;scd
1586 3029 1714 3101 quintu
1738 3033 1844 3087 mmsi-

133 3102 292 3174 oncrosum
305 3113 344 3169 sit
357 3112 451 3180 vobis,
467 3112 537 3184 quia
554 3113 693 3185 proficere
710 3112 814 3185 poterit
838 3111 960 3170 Domino
1013 3111 1113 3185 ipsum
1130 3113 1203 3170 mihi
1220 3131 1277 3172 non
1289 3115 1409 3175 exhibes
1425 3117 1502 3174 siout
1516 3115 1622 3185 filium,
1637 3135 1696 3175 non
1712 3123 1798 3192 potes
1815 3119 1844 3175 in

51 3198 54 3203 ’
133 3203 301 3276 adjuvante,
315 3202 352 3258 od
369 3200 543 3272 poenitentia
559 3201 701 3269 irnotum,
713 3200 798 3273 quasi
810 3200 960 3274 dialogum
1014 3201 1145 3259 oratione
1161 3203 1301 3275 predicta
1315 3204 1405 3279 digne
1416 3205 1552 3263 invocare
1563 3207 1698 3263 mesiont
1717 3212 1845 3281 patrem·

27 3322 30 3331 .
132 3282 164 3351 Ιίι
174 3293 296 3351 auribus
311 3290 465 3348 charitatis
480 3295 583 3348 vestrae
606 3289 786 3346 constituam
809 3290 959 3363 quoddam
1014 3289 1087 3347 Nam
1102 3307 1136 3347 es
1149 3307 1276 3364 persons
1291 3309 1356 3351 mea
1371 3293 1443 3351 dicit
1457 3293 1618 3368 propbeta:
1636 3317 1651 3346 s
1668 3296 1697 3351 si
1709 3312 1765 3370 ego
1791 3296 1846 3353 Ps-

131 3380 311 3456 colloquium
326 3381 402 3437 inter
415 3383 597 3454 peccatorem
614 3382 643 3435 et
656 3377 761 3434 Deum.
792 3378 855 3435 Non
880 3377 960 3437 enim
1013 3380 1775 3453 ter,ubtsstsmormeos?(uobc.1.)»sisutsm
1801 3401 1847 3444 me

132 3469 495 3543 dedignatureliisaimus
512 3467 683 3539 hujusmodi
700 3466 960 3540 colloquiaservo·
1014 3471 1157 3542 tanquam
1184 3471 1311 3543 Patrem,
1327 3471 1413 3529 homo
1443 3489 1531 3545 quem
1561 3472 1668 3542 creavi,
1696 3473 1846 3549 diligeres,

133 3575 201 3618 rum
214 3576 347 3626 suorum,
364 3559 480 3615 dicente
495 3557 532 3614 nd
549 3573 617 3613 eum
631 3556 709 3613 iob:
727 3579 742 3607 ιι
772 3556 903 3628 Loquere
932 3562 961 3614 et
1015 3559 1154 3614 mandute
1166 3575 1231 3616 mee
1242 3563 1384 3633 tunquam
1397 3559 1477 3618 fliius
1489 3561 1539 3634 qui
1554 3578 1666 3635 psorem
1679 3562 1777 3636 diligit
1791 3580 1847 3621 cn·

40 3714 44 3723 ¹
135 3663 189 3723 ego
204 3647 386 3720 respondebo
400 3646 467 3714 tibi,
482 3650 534 3702 sut
550 3651 627 3702 cerie
637 3661 691 3719 ego
706 3644 810 3718 loquor
820 3648 849 3700 et
864 3650 895 3700 tu
915 3661 960 3702 re·
1014 3646 1161 3716 stodires3
1178 3646 1321 3704 exhibitio
1336 3648 1414 3707 enim
1428 3650 1536 3723 operis,
1552 3648 1686 3724 probatio
1700 3657 1747 3709 ssi
1766 3651 1843 3711 dils-

135 3736 248 3811 sponde
264 3734 335 3792 mihi
349 3737 417 3796 (iob.
434 3740 505 3799 sisu.
521 3759 534 3787 s
551 3733 730 3807 [penitaque
746 3733 961 3790 attendentede
1014 3733 1130 3793 ationis.
1144 3737 1197 3791 Sed
1217 3737 1417 3794 consideranti
1433 3737 1504 3795 mibi
1520 3755 1607 3796 omne
1636 3755 1730 3813 genus
1749 3740 1849 3799 hemt-

35 3866 38 3873 ·
134 3825 247 3886 ooeloet
261 3825 407 3882 residente
421 3824 452 3880 in
468 3822 580 3880 excelso
601 3821 701 3895 glories
723 3839 794 3889 soa,
817 3827 960 3896 tanquam
1013 3838 1086 3879 num
1101 3829 1129 3880 et
1143 3825 1314 3882 universum
1330 3830 1441 3884 statum
1456 3827 1486 3883 in
1501 3827 1777 3895 conuenientium,
1795 3846 1843 3887 rs·

29 3918 42 3947 ·’
136 3914 316 3973 immutabili
333 3915 388 3970 Deo
418 3913 496 3985 apud
517 3928 604 3985 quem
622 3928 679 3967 uon
694 3917 740 3967 est
754 3912 961 3969 transmutatio
1014 3926 1066 3967 rus
1077 3911 1190 3969 occurit
1204 3913 1235 3969 in
1251 3913 1381 3986 pretatis
1399 3920 1428 3972 et
1449 3915 1590 3984 subditis,
1615 3917 1645 3973 in
1672 3917 1793 3990 regibus
1819 3923 1849 3976 ei

135 4021 231 4079 neque
244 4002 459 4060 vicissitudinis
487 4000 685 4066 obumbratio,
711 4017 765 4072 ego
795 4005 960 4074 prostratus
1015 4001 1215 4070 osiniensis
1229 4003 1438 4062 cieustrulibus
1452 4009 1482 4060 et
1496 4005 1647 4077 professis,
1661 4005 1692 4062 in
1719 4006 1850 4065 dominis

135 4091 468 4155 interraeiadbaerens
490 4087 645 4146 humiliter
672 4091 850 4162 pavimento,
880 4095 961 4147 tento
1018 4095 1046 4147 et
1061 4091 1163 4161 servis,
1179 4093 1208 4147 in
1224 4089 1338 4148 clericis
1353 4096 1382 4149 ei
1399 4090 1551 4166 laicis,qui
1569 4094 1731 4168 adimpleat
1751 4111 1848 4155 meam

136 4182 353 4257 competentius
363 4196 520 4255 personam
531 4194 683 4236 assumam
694 4179 857 4251 peccatoris
868 4178 899 4235 in
911 4179 966 4237 boc
1018 4178 1197 4236 voluntatem
1214 4180 1244 4236 in
1260 4180 1456 4253 exsequendis
1480 4182 1629 4240 mundatis
1647 4183 1773 4256 meimet
1784 4189 1850 4243 ten·

27 4261 30 4271 '
97 4343 100 4346 y
137 4271 294 4346 colloquio,
310 4274 421 4343 quanto
444 4268 624 4342 praescieris
643 4284 726 4324 reum
742 4272 771 4325 ci
785 4266 967 4342 culpabilem
1019 4269 1850 4340 quampetriamorcmexbibcetmibifilielem.0mnis

137 4358 326 4417 immundum
340 4364 369 4414 ct
381 4364 562 4430 peccatorem
580 4372 646 4413 osse
657 4372 702 4413 me
713 4358 806 4413 fateor
820 4362 850 4414 et
873 4374 966 4431 sgnc·
1019 4371 1106 4411 eexus
1122 4360 1231 4413 ateias
1246 4358 1378 4430 corrupit
1394 4357 1470 4416 dem
1484 4375 1582 4428 seam,
1595 4364 1627 4415 ut
1638 4365 1686 4416 eut
1697 4368 1766 4433 poet
1778 4378 1850 4420 con·

140 4464 199 4507 soo.
215 4447 361 4521 incipiens
376 4462 445 4519 ergo
461 4445 645 4517 sinpernus,
661 4447 769 4502 mentis
791 4462 861 4503 mese
891 4445 966 4503 desi·
1018 4443 1216 4514 cupiscentins
1231 4448 1526 4505 suascontemnendo
1541 4448 1849 4509 nniversamirsditio·

143 4536 257 4595 derium
272 4536 315 4594 sio
331 4534 434 4608 loquor
450 4534 546 4590 verbis
562 4533 636 4590 mois
652 4535 784 4592 adeum:
1019 4546 1086 4587 nam
1102 4533 1299 4605 evangelicam
1316 4539 1345 4592 ei
1359 4535 1535 4592 doctrinam.

1281 4640 1423 4681 recorron
1442 4642 1476 4681 ιιι
1495 4640 1586 4682 ouon.

387 4683 528 4724 ⁹¹⁰⁰⁴T⁰⁸
549 4683 585 4724 ΑΒ
611 4684 704 4724 ”⁵⁰⁸¹
1055 4707 1200 4769 Mirabilis
1215 4711 1348 4770 incisest
1374 4713 1573 4785 scientiam,
1589 4715 1722 4786 Domine,
1747 4722 1852 4779 contra

177 4808 255 4866 Deus
269 4809 386 4874 sienne,
402 4804 488 4876 sajus
506 4810 612 4859 notura
630 4803 760 4868 bonitas,
774 4807 803 4860 et
818 4819 892 4877 opus
907 4803 966 4860 mi·
1020 4814 1078 4876 me,
1093 4802 1123 4855 et
1138 4816 1196 4857 noo
1212 4805 1313 4875 potero
1329 4802 1365 4867 sd
1381 4818 1458 4868 mm.
1468 4801 1851 4879 claudisoameumntoh.

38 4964 41 4969 ,
139 4896 302 4956 sericordis
315 4899 371 4963 cst,
386 4893 438 4965 qui
452 4891 619 4949 etiamnum
631 4891 839 4959 iratosiueris,
853 4892 967 4949 miscri-
1020 4893 1110 4950 struis
1121 4890 1287 4949 rationibus
1296 4890 1368 4960 iuis,
1379 4890 1455 4947 nied
1465 4890 1768 4952 invocationemtusm
1780 4913 1849 4970 pro·

139 4987 244 5047 cordia
259 4981 469 5052 recordaberis,
487 4981 597 5055 quibus
611 4982 707 5038 verbis
721 4981 810 5055 digne
822 4986 850 5037 te
866 4986 966 5053 potero
1019 4981 1100 5038 sitire
1114 4997 1172 5037 non
1184 4979 1308 5038 sudeam
1318 4978 1564 5035 verbisorationis
1577 4980 1730 5052 pretate«
1742 4981 1848 5056 loquor

137 5078 316 5137 invocarent
330 5077 360 5129 ei
374 5076 404 5127 io
421 5070 552 5144 digneris
566 5070 751 5127 invocantem
767 5069 965 5126 misericordi·
1018 5073 1117 5127 tameo
1134 5071 1169 5126 sd
1188 5069 1343 5126 Dominum
1355 5084 1464 5138 meum,
1476 5083 1542 5125 cuni
1553 5068 1609 5125 sim
1622 5069 1717 5143 pulvis
1730 5073 1845 5133 etcinis

137 5172 182 5225 ier
195 5161 355 5222 exaudiret
369 5159 435 5218 Scio
451 5158 522 5231 qnia
545 5159 723 5230 Redemptor
751 5174 846 5226 meus,
875 5157 966 5216 Filius
1019 5161 1095 5226 (Gen.
1111 5159 1203 5226 surr),
1218 5181 1232 5208 »
1248 5156 1368 5213 msrmbo
1383 5156 1516 5225 verbum,
1533 5157 1558 5215 si
1574 5158 1648 5217 iorte
1662 5160 1846 5233 dignuinve·

139 5260 218 5316 tuus,
235 5254 339 5309 doctor
353 5247 484 5307 veritatis
499 5252 527 5302 et
542 5246 703 5319 sepientis,
719 5264 785 5304 cum
802 5247 837 5303 ud
847 5247 967 5304 eumdi·
1020 5248 1117 5305 uiator
1133 5246 1277 5305 invocatio
1289 5261 1354 5302 mes
1370 5245 1400 5300 iu
1415 5246 1539 5304 nuribus
1555 5248 1630 5317 tuis;
1647 5266 1796 5307 assumam
1808 5252 1845 5310 sd

139 5348 217 5401 carot
232 5357 309 5397 unus
320 5355 354 5395 ex
382 5335 539 5409 discipulis
554 5336 637 5391 suis:
668 5336 799 5403 Domine,
823 5336 895 5393 doce
918 5353 966 5396 me
1018 5342 1047 5394 te
1062 5336 1258 5394 invocandum
1270 5332 1349 5391 illam
1360 5335 1521 5392 orationem
1534 5337 1627 5393 tidelis
1639 5338 1790 5411 propbeta
1803 5341 1848 5399 toi

140 5446 244 5499 orare;
261 5428 317 5486 aii:
335 5449 349 5475 s
367 5427 456 5482 Dicite
469 5441 475 5480 :
490 5424 575 5480 Peter
588 5428 690 5480 noster
713 5424 762 5498 qui
779 5439 810 5479 es
826 5424 856 5481 in
881 5424 962 5483 coelis
978 5411 1000 5480 C
1019 5425 1122 5494 David,
1149 5424 1196 5481 cui
1211 5423 1387 5497 perhibuisti
1402 5423 1604 5482 testimonium
1628 5428 1714 5482 tuum
1727 5427 1845 5489 diceus:

139 5521 216 5594 (Lao.
233 5517 275 5576 ιι).
291 5531 304 5558 »
319 5515 348 5571 si
361 5512 651 5588 igitur‚1)ominc,aic
671 5514 781 5571 orando
791 5512 964 5574 invocavero
1019 5514 1118 5573 Inveni
1129 5514 1223 5572 virum
1234 5513 1397 5571 secundum
1412 5528 1462 5571 cor
1480 5528 1580 5573 mcum
1594 5515 1679 5575 (Psoi.
1695 5522 1848 5596 murus).
