3796 5986
66 239 138 298 1085
448 246 634 304 munaus.
655 250 694 305 lii
711 249 763 305 vu
780 243 944 303 estmoe
962 244 1168 298 POENITRNT·
1184 271 1219 284 -
1232 245 1333 300 easb.
1352 246 1388 299 V.
1704 244 1774 307 1080

63 377 91 424 et
105 377 228 425 nouerat
241 371 289 442 qui
302 374 443 442 qrouqeret
456 371 496 427 eis
520 373 627 443 (ihren.
646 374 701 448 iv),
717 372 772 429 et':
788 372 817 428 ln
844 387 891 425 su·
907 369 932 437 Α
948 366 1122 441 penitentia
1132 368 1237 424 transit
1248 369 1403 425 demando
1415 368 1450 425 ad
1462 366 1663 440 solitudinem,
1673 369 1773 444 ibique

63 456 130 513 dore
143 459 237 514 orsitus
252 461 295 514 tui
311 462 426 517 vesceris
441 477 514 531 pone
536 471 581 519 luo
602 467 678 525 (Gen.
697 478 747 519 ππ.
764 461 892 516 Verbum
946 461 1117 513 attenuatur
1131 457 1249 529 vigiliis,
1266 464 1294 513 et
1306 457 1575 530 jejuniisaliisque·
1597 462 1770 519 maceratio·

62 545 126 618 Dei,
145 549 235 604 unde:
252 550 309 606 Non
321 552 350 606 in
365 553 420 606 solo
433 567 506 623 pune
520 553 590 608 uiuit
605 553 695 618 luomo,
711 553 757 608 scd
773 553 800 607 in
817 547 893 606 omni
947 548 1036 605 nibus
1051 548 1193 619 corporis,
1218 552 1247 603 et
1275 548 1502 604 contritionibus
1525 548 1633 619 cordis,
1658 548 1772 609 hahens

24 644 28 649 ’
61 637 226 710 verboquod
249 640 481 710 proceditdeore
509 642 676 715 Deillluttli.
706 642 755 714 rvi:
780 639 891 696 at:Ci·
947 636 1150 710 quasipellcm
1170 637 1769 713 procerae,isprolactoeimiliseetpel·

63 726 139 782 habit
151 727 232 783 illum
257 745 331 799 pone
342 731 406 786 uita
421 730 513 801 (tiocli.
531 743 588 801 xv).
606 735 679 787 Vera
708 728 889 803 poenitentia,
946 726 1037 784 licuno
1054 729 1083 783 in
1098 728 1249 784 solitudine
1255 728 1452 800 permanenti.
1469 729 1522 794 Qui
1534 744 1601 785 vero
1612 734 1772 803 gemaneet

62 816 142 872 unde
159 832 166 872 :
194 817 303 888 Surqite
329 823 471 890 postquam
495 819 630 887 sederitis,
646 821 694 894 qui
715 819 891 876 manducatis
945 816 1092 889 ploransa
1107 816 1239 874 seculari
1255 817 1475 873 conversatione
1489 833 1520 874 sa
1537 818 1694 891 subtrahit,
1711 825 1739 877 st
1753 838 1772 877 a

58 922 160 979 putrem
184 906 286 962 doloris
301 906 390 978 (Paul.
412 917 523 979 cxxv1);
538 915 586 966 ct:
609 911 730 966 Fuerunt
757 908 830 964 milri
846 909 889 964 lo·
945 905 1060 979 placitis
1075 907 1236 975 abstinens,
1252 907 1421 964 tentationis
1437 908 1509 963 vitat
1523 907 1657 974 insidias,
1683 909 1769 982 quasi

59 996 397 1068 cryrnaerneaeponesdie
418 999 644 1071 ocrrocteffsat.
675 1002 742 1067 xci).
772 999 890 1054 Sincera
944 996 1155 1052 noctiscurom
1173 996 1551 1070 ogcnd0,isincunctanter
1573 1000 1653 1069 quosi
1676 1000 1769 1072 nycti-

59 1084 201 1150 uharitas‚
219 1087 315 1141 unde:
330 1087 364 1143 Si
377 1088 486 1156 petierit
501 1104 612 1158 punem,
629 1088 755 1160 nunquid
770 1086 891 1158 lapidem
943 1101 1028 1143 coros
1041 1089 1071 1141 in
1087 1085 1226 1142 domicilio
1241 1086 1349 1157 satagit
1363 1085 1491 1158 vigilare.
1513 1086 1600 1143 Porro
1621 1087 1671 1159 qui
1699 1087 1769 1144 lihi-

58 1174 138 1229 datu
153 1174 222 1231 illi?
237 1175 341 1233 (lluttlr.
358 1181 417 1243 vu).
435 1177 534 1232 Robur
549 1177 668 1243 mentis,
687 1178 763 1233 unda
780 1193 786 1232 :
804 1175 889 1231 Panis
943 1174 1020 1231 dinis
1035 1192 1123 1249 opera
1138 1175 1257 1237 deserit,
1277 1179 1306 1231 et
1320 1175 1465 1232 rastitatis
1481 1175 1669 1248 amplectitur
1689 1177 1768 1235 creli-

57 1264 209 1335 confirmor
222 1280 269 1321 cer
283 1264 405 1322 hominis
421 1267 516 1337 (Psoi.
532 1265 888 1336 c111).;ct:0mnefirmo·
943 1264 1056 1329 batum‚
1072 1264 1097 1321 is
1111 1265 1211 1336 utique
1227 1265 1321 1321 iactus
1336 1269 1381 1321 est
1402 1267 1474 1322 sieut
1495 1281 1600 1334 passer,
1627 1283 1683 1323 nun
1704 1269 1768 1341 jam
1878 1325 1881 1332 ,

56 1361 181 1409 mentum
194 1353 277 1425 ponis
292 1354 517 1427 contrivit(l³sol.
536 1357 601 1429 clv).
628 1355 743 1412 Donum
764 1355 889 1430 spiritus
943 1353 1132 1418 libidinosus,
1152 1355 1203 1411 aad
1226 1356 1335 1419 unicus,
1352 1353 1380 1409 id
1397 1360 1441 1410 est
1464 1359 1575 1420 castus,
1596 1371 1613 1410 a
1633 1356 1770 1428 passione

56 1442 165 1509 saecli,
193 1443 292 1499 unde:
332 1449 470 1516 Puumrca
511 1446 572 1516 ejus
600 1446 731 1501 siituruho
769 1445 888 1518 ponitus
943 1442 1113 1515 ignominiae
1134 1442 1286 1511 liberatus,
1319 1460 1442 1500 manens
1466 1445 1497 1501 in
1522 1444 1645 1513 aedilicio
1669 1444 1713 1501 vei
1738 1444 1768 1502 in

57 1530 139 1603 (Psoi
154 1573 160 1586 .
173 1531 438 1602 cxxxi).Praeterea,
449 1533 819 1605 panisestherscticorum
840 1535 889 1589 do·
943 1537 1028 1599 tecto,
1045 1533 1081 1588 de
1096 1548 1154 1605 quo
1171 1532 1313 1589 Dominus
1334 1533 1393 1589 ait:
1410 1534 1464 1602 Qui
1486 1533 1517 1589 in
1541 1538 1610 1590 tecto
1638 1537 1687 1600 est,
1711 1549 1769 1591 nen

56 1621 165 1688 ctrina,
191 1621 287 1676 unde:
313 1620 410 1677 Suouis
435 1627 473 1678 est
497 1623 605 1679 homini
636 1625 723 1695 ponis
751 1622 888 1680 mendacii
941 1620 1086 1677 &scendet
1102 1621 1211 1693 aliquid
1227 1620 1329 1678 tollere
1343 1622 1375 1678 de
1388 1622 1467 1679 donno
1482 1623 1587 1695 (biron.
1617 1622 1707 1696 xxiv).
1732 1623 1770 1680 Ut

55 1710 153 1779 (Pron.
170 1710 216 1780 ιι)
230 1728 236 1779 ;
252 1715 299 1766 et:
317 1711 385 1767 Cum
399 1728 428 1767 sc
441 1712 556 1768 mouerit
578 1712 613 1768 od
632 1712 812 1784 quaerendum
834 1729 886 1784 pu·
904 1750 926 1812 3
941 1712 1186 1782 omnisaedtfirotio
1198 1718 1358 1768 coarmata
1370 1717 1475 1769 crescat
1499 1712 1528 1768 in
1544 1710 1683 1785 templum
1703 1728 1769 1768 sun-

57 1813 132 1866 nern,
149 1798 490 1872 nouitquodpurotussit
513 1800 544 1856 in
566 1803 887 1874 munueq'uediestene·
942 1802 1061 1856 ctumin
1085 1803 1204 1857 Domino
1233 1802 1339 1873 (Epicu,
1363 1801 1406 1871 ιι).
1429 1801 1478 1858 Ait
1502 1803 1600 1874 itaqua
1625 1801 1770 1875 pmnitens

61 1885 176 1941 brorum
190 1887 249 1958 (lot
258 1888 316 1960 xv).
327 1889 550 1960 Hypocritarum
567 1889 635 1955 vila,
648 1890 725 1945 unde
737 1891 887 1962 :Ephraim
942 1890 1087 1962 generalis
1099 1906 1105 1943 :
1118 1888 1229 1946 Similis
1238 1891 1393 1960 [actuosum
1405 1890 1546 1963 pellicano
1561 1889 1592 1946 in
1605 1889 1770 1957 solitudine,

57 1975 150 2039 suctus
177 1979 218 2032 eet
244 1976 445 2033 subcinericius
466 1978 560 2049 ponis,
579 1978 629 2051 qui
653 1996 707 2035 riou
731 1982 887 2036 reserentur
942 1979 1138 2050 quantumad
1156 1979 1281 2050 primam
1299 1980 1459 2036 maneriam
1483 1979 1710 2053 paenitentiam:
1740 1981 1770 2035 et

56 2063 130 2137 (Ose.
147 2076 208 2137 vn).
225 2065 382 2122 Delectatio
409 2068 531 2138 peccati,
554 2069 650 2125 unde:
666 2069 750 2124 Poois
775 2069 886 2124 obscuri·

55 2153 131 2210 ditus
145 2159 185 2210 est
200 2155 311 2211 suouior
334 2156 416 2227 (Pron
450 2157 505 2229 rx);
522 2160 569 2212 st:
590 2158 689 2226 Vertite,
707 2157 777 2214 edite
798 2174 884 2230 pones

53 2242 186 2300 occultos
201 2244 306 2315 (ibid).
322 2245 477 2301 Saecularis
490 2247 674 2318 jucunditas,
693 2248 769 2303 uude
783 2247 884 2304 :Panis

56 2348 157 2390 eorum
172 2342 293 2390 certetur
308 2335 337 2389 in
351 2336 391 2406 sel
406 2335 535 2407 aspidum
551 2336 613 2406 (dol
628 2337 687 2408 xx).

90 2441 111 2495 Δ
140 2456 204 2497 voce
230 2441 351 2512 qemitus
379 2443 437 2498 mei
468 2442 585 2498 adhesit
614 2460 643 2500 us
678 2458 771 2499 mum
802 2442 884 2498 corni

56 2545 136 2587 mea.

938 2173 1032 2230 passer
1046 2159 1142 2212 unicius
1153 2160 1182 2213 in
1196 2156 1325 2229 edificio,
1337 2162 1479 2231 quantum
1490 2158 1526 2213 ad
1541 2158 1670 2214 tertiam.

975 2282 1073 2338 Potest
1087 2285 1115 2337 et
1129 2280 1216 2338 aliter
1229 2282 1284 2337 hoc
1297 2282 1412 2351 exponi,
1439 2291 1470 2337 ut
1484 2280 1666 2354 intelligatur
1682 2280 1766 2354 prius

939 2459 1103 2525 nitentium,
1119 2475 1210 2531 quam
1231 2458 1318 2531 digne
1335 2460 1456 2531 peregit,
1478 2459 1513 2514 ud
1538 2459 1765 2516 similitudinem

939 2549 1026 2620 primi
1042 2547 1181 2618 hominis,
1196 2546 1225 2603 id
1240 2553 1286 2604 est
1299 2548 1378 2613 Ade,
1398 2564 1432 2604 ac
1456 2548 1561 2604 deinde
1584 2550 1763 2607 tentationes

940 2068 1011 2122 sicut
1038 2069 1211 2138 nycticorax,
1246 2073 1369 2139 quotum
1399 2069 1434 2124 nd
1470 2067 1607 2125 alteram:
1638 2073 1667 2124 et
1697 2064 1770 2124 sicut
1871 2125 1874 2131 ,

939 2371 1102 2441 exprimere
1117 2370 1246 2443 culpam,
1261 2387 1348 2441 quam
1363 2370 1483 2443 indigne
1493 2370 1653 2438 commisit,
1666 2377 1763 2442 etpos·
1859 2364 1863 2369 ’

91 2619 166 2690 Ergo
194 2635 337 2689 percussus
364 2636 424 2676 sum
454 2621 526 2677 sicut
553 2624 660 2692 tenum,
675 2630 703 2676 et
729 2623 807 2678 uruit
836 2637 883 2677 cor

55 2723 159 2779 muru,
175 2710 244 2782 quio
259 2709 360 2765 obiitus
373 2726 434 2766 sum
452 2710 592 2767 comedere
613 2727 712 2783 ponem
734 2727 836 2781 meum,
852 2710 882 2766 id

57 2802 103 2854 est
115 2799 186 2869 quio
198 2814 255 2855 nun
271 2798 377 2854 retinui
393 2798 517 2856 firmiter
532 2800 562 2854 in
578 2800 722 2856 memoria
741 2799 792 2856 Dei
816 2816 882 2856 scr·

57 2885 142 2950 hum,
157 2903 211 2942 nco
227 2887 382 2944 custodivi.
399 2891 495 2955 Quare
509 2906 526 2944 o
540 2905 602 2945 uoce
615 2889 725 2960 qeuitus
745 2889 810 2956 snei,
827 2889 882 2944 hoo

57 2978 129 3031 esta
144 2976 334 3048 suggestione
344 2975 464 3046 diaboli,
476 2978 526 3050 qui
547 2984 592 3034 eat
607 2978 837 3052 gemitusmeus‚
853 2978 881 3034 id

938 2653 1011 2709 quaa
1026 2654 1043 2691 a
1058 2636 1173 2693 diabolo
1188 2653 1294 2709 possus
1317 2641 1373 2704 est,
1397 2642 1426 2692 et
1448 2641 1665 2709 persecutiones
1687 2653 1762 2711 quae

938 2725 1082 2783 sustinuit
1095 2726 1132 2783 ab
1147 2726 1327 2795 hominibus,
1345 2727 1381 2782 ad
1396 2726 1628 2784 similitudinem
1643 2727 1765 2784 secundi
1845 2794 1849 2799 Ι

938 2815 1080 2880 hominis,
1096 2815 1186 2871 idest
1208 2815 1326 2885 Christi,
1343 2821 1375 2871 ut
1396 2815 1464 2872 talis
1491 2815 1530 2872 sit
1543 2833 1670 2873 sensus:
1695 2819 1766 2875 Per·

940 2921 1038 2962 cussus
1052 2921 1114 2961 suan
1128 2905 1317 2977 suggestions
1332 2904 1452 2973 diaboli,
1466 2907 1538 2962 sicut
1552 2908 1660 2976 fenum,
1677 2905 1706 2963 id
1724 2909 1770 2964 est

938 2994 1042 3058 Adam,
1053 2994 1104 3066 qui
1121 3010 1220 3050 resera
1233 2994 1332 3049 lenum
1346 2993 1412 3060 init,
1424 2995 1495 3066 quia
1513 3011 1599 3051 mane
1610 2994 1768 3054 creationis

56 3069 102 3120 0⁸2
116 3081 206 3120 ⁰⁸⁰⁸ss
225 3081 277 3121 ⁰¹¹?
292 3082 421 3137 Sflfflflms
433 3066 553 3123 “dllaetl'l
565 3084 694 3123 ‘mum
708 3069 788 3124 lami
801 3082 882 3137 ms
901 3088 923 3154 C
941 3083 1041 3140 floruit
1051 3083 1082 3139 in
1097 3082 1267 3149 virtutibus,
1283 3100 1403 3156 vespero
1415 3084 1651 3156 transgressione
1662 3084 1769 3143 cecidit

55 3152 85 3209 id
99 3158 145 3210 est
159 3154 235 3210 ratio
247 3155 434 3211 sensualitati
445 3157 607 3226 consensit,
619 3158 738 3228 quando
749 3157 792 3213 vir
804 3157 886 3212 uxori

56 3242 216 3315 acquievit.
229 3243 337 3308 liutius,
354 3243 461 3318 inquit,
478 3261 563 3316 quom
587 3245 688 3302 dedisti
713 3245 793 3312 milri,
810 3245 889 3302 dedit

55 3330 129 3388 mitri
142 3333 175 3389 de
189 3332 266 3402 liqno
279 3342 307 3389 et
329 3334 438 3391 comedi
451 3333 529 3400 (Gen.
546 3338 600 3403 111).
612 3335 662 3391 Vel
678 3336 750 3406 quis
765 3335 886 3391 verbum

57 3422 106 3478 Dei
124 3423 385 3489 consuetudinis
404 3439 467 3480 uoce
488 3426 606 3492 qemitus
631 3423 686 3479 mei
709 3424 889 3482 adheserunt

56 3527 117 3568 osso
137 3527 198 3568 rnen
212 3512 297 3568 corui
321 3528 400 3582 mee,
418 3513 559 3584 qnoniam
584 3515 701 3585 spiritus
728 3515 815 3569 tristis
838 3529 888 3569 ee-

56 3601 141 3657 siceat
156 3616 217 3656 osso
241 3602 334 3672 [Pron.
353 3605 433 3670 xvn).
452 3603 483 3656 ln
507 3600 622 3658 Christo
648 3605 747 3658 autem
773 3601 889 3657 adhaesit

56 3691 190 3755 escorni,
209 3690 327 3761 quondo
355 3689 495 3745 divinitas
520 3694 565 3746 est
588 3691 675 3746 unita
698 3690 888 3759 humanitati,

58 3778 197 3853 qnoniam
217 3779 333 3833 Verbum
356 3794 423 3834 coro
445 3783 553 3848 tactum
576 3785 618 3836 est
631 3779 723 3851 (leun.
737 3780 768 3851 ι).
785 3780 815 3836 in
835 3781 889 3836 ilo·

57 3866 146 3924 alesia
159 3882 226 3923 seru
242 3866 355 3923 adhesit
370 3869 461 3934 corni,
472 3869 591 3940 quando
607 3870 696 3925 lortee
712 3874 888 3941 supportant

56 3955 200 4022 infirmos,
208 3956 294 4027 juxta
309 3957 385 4028 quod
404 3957 474 4013 dicit
487 3957 660 4030 Apostolus:
670 3959 728 4015 Nos
745 3958 822 4014 iirmi
837 3960 888 4015 de·

57 4047 162 4102 hamus
172 4045 377 4100 infirmitatem
392 4045 578 4101 infirmorum
592 4052 707 4118 portare
720 4050 806 4114 (Rom.
818 4053 887 4116 xiv).

57 4134 197 4206 Sequitur
208 4149 215 4189 ε

91 4238 201 4296 Similis
228 4241 320 4310 suctus
350 4255 411 4293 sum
437 4240 576 4310 pellicano
604 4238 775 4309 solitudinis,
802 4241 889 4296 luctus

56 4347 121 4386 sum
138 4328 208 4383 sicul
224 4329 389 4401 nycticorax
404 4330 434 4384 in
452 4328 602 4385 domicilio.

943 3173 973 3230 in
985 3172 1146 3228 miseriam.
1163 3174 1194 3228 lit
1209 3175 1285 3229 oron
1308 3189 1354 3230 cor
1377 3190 1468 3230 mcum
1484 3176 1513 3230 in
1534 3173 1686 3230 sterilitate
1701 3189 1772 3247 pee-
1878 3194 1881 3199 ·

942 3264 1010 3331 eati,
1027 3265 1099 3335 quio
1113 3262 1213 3319 oblitus
1227 3280 1288 3319 sum
1308 3264 1481 3320 munducare
1500 3280 1601 3336 ponem
1615 3280 1717 3335 mum,
1740 3262 1771 3320 ia

942 3356 988 3408 est
999 3352 1154 3408 obseruare
1169 3352 1343 3409 mandatum
1358 3351 1486 3423 Domini,
1503 3352 1579 3408 sicut
1595 3353 1696 3419 Adam,
1721 3351 1772 3424 qui
1845 3419 1850 3428 ι

945 3439 1070 3511 neglexit
1108 3440 1258 3496 custodire
1282 3446 1457 3512 preceptum
1489 3441 1551 3512 Dei,
1581 3440 1705 3496 dicentis
1736 3441 1772 3497 ad

942 3526 1041 3600 ipsum
1056 3545 1062 3583 :
1079 3529 1115 3585 lte
1130 3528 1206 3598 liquo
1220 3531 1342 3585 scieritis
1368 3529 1433 3585 boui
1455 3537 1481 3585 et
1500 3529 1571 3585 moli
1590 3545 1626 3585 ne
1650 3526 1775 3585 comedas

942 3619 1022 3686 (Gen.
1040 3617 1093 3689 m).
1110 3616 1232 3689 Culpam
1242 3622 1340 3673 autem
1353 3634 1544 3691 cognoscens,
1556 3616 1774 3691 paulinique·

944 3706 1050 3762 niamu
1065 3723 1128 3764 occe
1141 3709 1261 3779 qemitus
1273 3709 1331 3763 mai
1352 3707 1530 3764 odtaescrunt
1544 3725 1608 3764 osso
1617 3724 1678 3764 mee
1693 3707 1775 3764 rarsi

943 3811 1021 3851 meae.
1060 3796 1127 3852 Fuit
1152 3813 1221 3869 ergo
1245 3795 1318 3852 mihi
1343 3800 1472 3870 gemitus
1487 3795 1725 3869 compunctionis
1740 3795 1773 3853 ln

943 3885 1039 3949 corde,
1055 3885 1091 3941 de
1106 3902 1162 3956 quo
1179 3885 1321 3957 processit
1335 3903 1389 3941 vox
1404 3885 1600 3942 consessionis
1616 3886 1644 3941 in
1657 3902 1718 3953 ora,
1738 3900 1773 3943 ae
1855 3938 1861 3947 .

945 3974 1052 4030 deinde
1066 3974 1174 4029 ailictio
1190 3975 1403 4031 satisfactionis
1419 3975 1449 4030 in
1466 3991 1563 4046 opere,
1577 3974 1647 4047 quia
1669 3974 1772 4031 distri·

943 4067 1023 4118 otum
1039 4062 1084 4136 egi
1095 4063 1257 4134 jejunium,
1280 4065 1373 4119 unde:
1406 4063 1593 4120 ¹ldlmrserunt
1621 4079 1683 4119 osso
1710 4078 1773 4120 naeu

941 4153 1112 4208 corninus.
1128 4152 1198 4207 Post
1211 4152 1361 4224 jejunium
1378 4168 1444 4208 vcro
1460 4157 1591 4208 tentatus
1607 4150 1681 4208 luia
1704 4150 1772 4209 dia·

944 4239 1021 4307 holo,
1037 4240 1116 4296 sieut
1131 4239 1277 4308 Christus,
1290 4240 1320 4296 iu
1335 4240 1431 4297 tribus
1443 4239 1533 4307 vitiis,
1549 4240 1578 4295 in
1595 4242 1712 4297 deserto
1735 4240 1772 4299 da

943 4329 1024 4403 gula,
1036 4328 1066 4385 in
1079 4334 1178 4384 mente
1187 4329 1365 4396 desieritis,
1376 4335 1405 4386 et
1417 4327 1569 4402 intemplo
1580 4328 1773 4401 dejectantie

96 4416 222 4487 Viqiluut
243 4420 269 4472 et
295 4419 385 4488 [octus
412 4433 474 4472 sum
501 4419 576 4474 sicut
605 4432 700 4490 passer
728 4415 828 4473 unicus
855 4417 886 4472 in
944 4435 994 4475 seu
1010 4417 1158 4490 superbie.
1170 4417 1305 4474 Christus
1316 4417 1394 4474 enim
1413 4417 1558 4490 luitquosi
1567 4418 1724 4491 pellicanus
1738 4420 1771 4477 iu

55 4505 175 4576 aedificic
186 4504 235 4578 [al.
253 4505 397 4562 solitarius
413 4523 441 4561 m
456 4507 547 4578 tectoi.

943 4507 1109 4579 solitudine,
1125 4506 1397 4580 qrrnndojejunavit
1407 4507 1437 4564 in
1450 4509 1565 4565 deserto
1576 4508 1772 4582 quadraginta

93 4595 255 4669 Distinguit
269 4594 324 4651 hoc
342 4594 405 4652 loco
422 4595 579 4653 Psalmista
599 4599 658 4652 tres
675 4612 754 4666 aves,
769 4594 889 4668 pellica·
943 4594 1048 4651 diebus
1063 4599 1091 4651 et
1106 4594 1302 4668 quodraginta
1321 4596 1468 4663 noctibus,
1493 4600 1521 4652 et
1546 4601 1650 4669 postea
1668 4595 1773 4654 esuriit
1820 4666 1827 4677 ς

58 4704 140 4755 num,
159 4685 382 4760 nycticoracem,
398 4690 427 4741 et
441 4702 609 4759 passerem
622 4686 823 4753 solitudinem,
837 4687 888 4743 do·
943 4684 1052 4756 (aaut.
1069 4682 1118 4746 iv).
1135 4684 1208 4741 Nam
1225 4683 1387 4757 pellicanus
1403 4683 1494 4740 nimia
1510 4685 1665 4741 conficitur
1679 4686 1771 4744 macie

58 4777 210 4848 micilium,
232 4782 260 4833 et
275 4775 430 4832 edificium
447 4776 508 4831 siva
520 4781 639 4832 tectum.
651 4775 815 4832 Pellieenus
828 4775 889 4832 uvis
943 4773 972 4829 in
989 4772 1145 4830 solitudine
1162 4789 1296 4829 arieneos.
1311 4773 1391 4829 ldsm
1408 4773 1463 4829 luit
1479 4776 1553 4831 sicut
1566 4776 1771 4847 nycticoracis

55 4870 101 4925 est
116 4865 271 4922 macilenta
287 4866 316 4921 in
333 4865 492 4921 solitudine
508 4881 649 4933 manens;
662 4864 829 4938 nycticorax
840 4864 887 4921 die
942 4863 1096 4930 domicilio,
1111 4862 1229 4935 quando
1248 4862 1277 4918 io
1298 4862 1456 4935 sirpercilio
1471 4864 1580 4920 montis
1596 4864 1726 4920 ostendit
1743 4863 1771 4920 ei

55 4956 190 5030 quiescit,
207 4958 236 5009 et
251 4959 335 5010 nocte
350 4954 460 5027 vigilat,
475 4955 503 5009 ia
521 4953 684 5027 parietibus
699 4953 847 5021 habitans,
859 4957 889 5010 et
943 4952 1078 5009 diabolos
1093 4952 1193 5008 omnia
1207 4967 1297 5025 regna
1310 4952 1423 5008 mundi.
1435 4952 1604 5026 Nyctieorex
1614 4952 1690 5008 enim
1702 4951 1770 5009 lim·

55 5046 169 5102 tristem
184 5060 284 5100 vocem
302 5043 460 5115 emittens;
479 5059 581 5116 passer
596 5047 642 5098 est
665 5042 844 5100 libidinosus
859 5047 889 5099 et
942 5042 1131 5116 pidissimum
1148 5041 1236 5098 hahet
1250 5041 1406 5113 intuitum,
1421 5043 1498 5097 unde
1510 5041 1587 5098 clarc
1602 5039 1680 5097 videt
1696 5045 1725 5098 st
1738 5040 1769 5097 in
1853 5090 1862 5099 ,

56 5133 192 5201 callidus,
206 5133 257 5189 sed
269 5136 370 5189 castus
380 5133 518 5203 ellicitnr,
531 5149 598 5189 cum
610 5132 640 5188 in
652 5131 774 5188 edificio
788 5136 888 5190 ronnei
942 5136 1036 5188 nocte.
1052 5131 1244 5205 Ipsequoque
1261 5131 1316 5187 luit
1326 5132 1399 5187 sicut
1409 5146 1504 5202 passer
1529 5129 1627 5186 uramus
1641 5131 1673 5187 iu
1696 5129 1770 5189 aedi-

57 5225 150 5281 solus.
162 5225 216 5278 Per
231 5222 285 5276 has
295 5226 354 5277 tres
362 5238 440 5292 aves,
452 5221 668 5279 trasmaneries
679 5221 886 5295 poenitentium
940 5222 1015 5293 ficio,
1033 5221 1094 5277 siro
1108 5219 1257 5276 solitarius
1277 5223 1401 5288 intecto,
1418 5218 1499 5289 solus
1516 5219 1551 5274 de
1575 5224 1667 5290 patre,
1687 5217 1768 5277 solue

59 5314 250 5370 denotantur.
266 5309 392 5375 Quidam
409 5311 488 5367 enim
504 5327 557 5385 pro
572 5312 686 5386 agenda
715 5308 888 5385 poenitentia
941 5312 976 5367 de
988 5314 1089 5367 matre.
1107 5315 1145 5365 Dc
1158 5315 1240 5383 patre
1253 5309 1316 5365 sine
1328 5313 1431 5376 matre,
1443 5307 1479 5364 de
1494 5312 1589 5363 matre
1599 5307 1663 5364 sine
1673 5312 1767 5382 patra.

59 5400 180 5460 omnino
195 5401 336 5456 deserunt
351 5399 513 5470 seculum
531 5401 651 5473 quidam
675 5407 771 5457 autem
789 5400 885 5458 adhue
939 5399 1093 5458 Solitarius
1108 5399 1137 5455 in
1152 5405 1247 5467 utero,
1260 5397 1417 5455 solitarius
1430 5399 1460 5453 in
1476 5396 1621 5471 sepulcro.
1640 5397 1674 5454 ut
1689 5397 1768 5455 sicut

60 5493 180 5548 maneat
194 5489 224 5544 in
240 5488 362 5557 ecculm
374 5489 425 5545 alii
438 5505 508 5545 vcro
523 5490 631 5562 partim
648 5490 788 5547 seculum
805 5490 886 5547 dese·
939 5489 1001 5563 ipse
1016 5494 1143 5546 testator
1154 5506 1160 5545 :
1173 5494 1257 5548 demo
1271 5487 1392 5545 ascendit
1407 5489 1438 5544 in
1453 5486 1562 5555 coium,
1579 5488 1636 5544 nisi
1649 5486 1698 5560 qui
1715 5488 1766 5547 de·

62 5583 143 5649 runt,
158 5581 188 5635 et
203 5576 310 5651 partim
326 5582 448 5636 manant
462 5576 493 5636 in
508 5579 624 5638 seculo.
641 5581 695 5648 Qui
707 5597 759 5655 pro
772 5580 886 5654 agenda
937 5578 1041 5637 scendet
1053 5580 1089 5636 de
1104 5577 1184 5652 colo,
1199 5578 1278 5650 filins
1304 5576 1435 5646 dominu,
1456 5578 1505 5650 qui
1518 5581 1559 5635 est
1572 5578 1640 5636 coelo
1657 5579 1763 5649 (loun).
