3796 5986
441 242 567 306 ΒΕΒΙΟ
583 248 646 314 xil,
667 249 705 306 ΙΝ
721 247 890 307 comm
906 250 956 305 ou
974 250 1051 306 UNA
1068 251 1243 317 visorum,
1634 250 1690 312 did

70 372 278 431 tientiaveatra
287 370 465 445 possideatis
474 373 590 431 animes
604 375 716 430 vestras
731 373 810 446 (Luc.
824 374 853 440 Α
867 371 979 445 patria,
994 374 1031 430 ad
1046 389 1135 445 quam
1149 373 1220 432 totis
1235 374 1389 432 atleotibus
1412 375 1551 434 anhelare
1562 378 1688 450 datatim

69 464 136 535 eJus
150 461 293 533 exemplo,
309 459 360 534 qui
376 480 391 511 ιι
408 477 475 517 cum
491 466 640 534 pateretur
655 479 713 519 non
729 477 809 519 com·
865 462 963 536 utqui
979 462 1140 536 aliquando
1156 463 1302 521 habuistis
1317 468 1427 521 terram
1450 469 1595 538 arentem,
1610 482 1690 525 nuno

70 553 167 622 batur,
192 567 260 608 cum
285 549 510 607 malediceretur
533 568 591 607 non
616 551 811 608 maledicebat
864 551 978 608 habetis
993 550 1147 624 irriguam,
1162 551 1296 625 exemplo
1311 557 1378 609 Διιι
1403 570 1467 626 que
1492 571 1508 610 a
1531 557 1612 627 patre
1632 572 1687 613 suo

70 659 93 698 ι.
101 644 143 709 ιι),
152 641 248 697 lactus
260 639 399 698 obediens
411 641 469 697 ileo
486 640 563 698 Petri
575 656 669 714 usque
681 642 716 698 ad
729 657 809 697 mor·
863 638 969 712 caleph
985 638 1130 713 irriguum
1146 641 1284 713 superius
1299 641 1621 716 etinleriusaooepitin
1639 644 1689 702 do-

73 736 196 787 mortem
211 732 309 786 autem
325 729 422 787 orucis
436 729 551 802 (Philip.
563 730 595 802 ιι)
612 752 637 796 ι,
653 729 704 802 qui
719 730 809 786 etiam
863 733 922 784 tem
938 728 1038 800 (Joeue.
1051 729 1109 801 ιιι).

70 819 195 875 subditus
206 817 293 873 metri
306 817 382 889 (duc.
394 818 438 890 ιι),
449 835 480 875 se
491 818 589 891 ipsum
600 818 631 875 in
642 818 807 891 exemplum
898 817 1016 874 Certum
1026 822 1071 874 est
1086 817 1164 874 enim
1180 818 1296 890 quodsi
1312 819 1426 876 fueritis
1436 835 1508 893 grex
1522 824 1687 892 tonsarum,

70 924 154 964 >neus
166 924 173 962 :
185 906 415 977 «Disciteame,
428 907 619 980 inquit,quia
641 906 722 963 mitis
741 923 809 964 sum
863 922 925 977 qua
946 907 983 963 ds
998 905 1114 964 lavaom
1130 906 1253 963 veniunt
1275 906 1512 981 (Coct.1v),uon
1537 914 1583 966 est
1604 911 1688 969 vobis

75 996 152 1053 milis
167 996 255 1052 corde
270 994 374 1067 (daut.
390 999 439 1066 ιι).
457 1016 473 1045 ι
862 994 1028 1052 timendum
1041 996 1120 1068 quod
1132 997 1255 1069 patritios
1274 1013 1346 1067 proc
1369 998 1444 1067 sitis,
1460 1000 1530 1070 quia
1551 999 1581 1054 in
1604 1001 1688 1058 vobis

91 1102 160 1157 ergo
186 1100 243 1140 non
267 1099 338 1156 grex
360 1100 527 1157 porcorum,
542 1085 593 1141 sed
619 1100 689 1159 grex
712 1085 809 1142 ovium
863 1084 940 1141 Patri
953 1084 1141 1156 complacuit.
1154 1086 1361 1160 Legiturquod
1373 1087 1531 1160 piacctsibi
1544 1093 1623 1146 Deus
1634 1095 1688 1146 Pa·
1791 1124 1794 1129 -

70 1174 180 1232 debetis
193 1194 201 1242 ;
216 1189 268 1230 nec
284 1172 456 1245 simpliciter
470 1172 642 1240 ovium,sed
657 1181 809 1232 tonsarum
863 1178 908 1229 ter
921 1173 952 1229 in
968 1174 1059 1230 uitio:
1076 1196 1090 1225 α
1107 1175 1158 1231 flio
1172 1179 1218 1232 est
1233 1174 1325 1232 Filius
1340 1192 1425 1232 meus
1440 1175 1614 1245 dilectus‚in
1629 1194 1688 1251 quo

70 1264 119 1320 rito
139 1261 255 1330 cellere,
271 1277 307 1317 ne
329 1261 396 1318 lana
418 1278 470 1318 vos
491 1260 582 1318 laniet
606 1279 670 1336 qua
695 1278 810 1321 vermes
864 1261 937 1318 mihi
962 1262 1035 1319 bene
1059 1263 1224 1335 complacui
1248 1264 1454 1337 (notitam).
1470 1285 1486 1317 a
1502 1265 1584 1330 Quod
1609 1266 1688 1323 Patri

70 1353 131 1421 icit,
145 1351 189 1407 vel
206 1350 256 1424 pili
268 1367 318 1407 ros
329 1351 540 1424 implicentqui
552 1352 808 1425 epinisinherent.
864 1350 1027 1424 compleret
1041 1350 1072 1406 in
1087 1350 1200 1422 electis,
1217 1353 1313 1409 unde:
1332 1352 1507 1424 complacuit
1526 1354 1607 1410 Patri
1628 1371 1688 1411 meo

81 1442 159 1498 tonsi
176 1440 274 1496 fuistis
295 1441 412 1512 quando
437 1440 595 1498 dimisistis
617 1458 670 1514 pro
693 1441 810 1498 Christo
864 1440 895 1495 in
909 1439 1002 1498 vobis.
1018 1440 1099 1506 Quod
1115 1439 1203 1498 homo
1215 1443 1318 1513 justus
1333 1442 1494 1515 complacet
1509 1443 1578 1514 ileo,
1594 1444 1687 1501 unde:

71 1530 151 1587 olum
168 1529 316 1602 propriam
329 1527 509 1597 facultatem,
522 1545 623 1586 verum
640 1529 729 1587 stiam
745 1548 810 1604 pro·
865 1552 879 1579 a
890 1528 1003 1589 Placuit
1015 1529 1085 1597 Deo,
1096 1533 1125 1586 et
1140 1529 1277 1588 inventus
1293 1537 1337 1588 est
1347 1531 1450 1603 justus
1465 1532 1563 1602 (sati.
1574 1532 1686 1606 rme).-

70 1637 81 1676 r
107 1618 297 1684 voluntatem,
312 1618 377 1688 eJ‘us
401 1617 533 1691 exemplo
558 1619 609 1691 qui
633 1619 691 1675 ait:
708 1641 722 1669 ιι
739 1619 810 1677 lloce
864 1616 941 1673 Deus
956 1616 1040 1673 Pater
1054 1616 1084 1672 in
1096 1616 1167 1675 rilio
1178 1618 1235 1675 eibi
1248 1617 1458 1693 complacet‚in
1474 1637 1532 1693 quo
1547 1624 1688 1695 tanquam

70 1708 229 1779 eliquimus
244 1707 355 1773 omnia,
370 1711 399 1762 et
413 1707 504 1763 secuti
521 1724 626 1764 sumus
649 1712 678 1765 te
702 1708 808 1778 (tatto.
868 1704 1021 1778 unigenito
1036 1722 1072 1762 ex
1086 1709 1147 1763 toto
1158 1707 1215 1763 sibi
1228 1707 1377 1765 consimili
1392 1725 1450 1782 pre
1472 1709 1588 1767 caeteris
1610 1710 1689 1767 delc-

74 1818 87 1850 ι
105 1798 218 1853 Rursus
235 1795 312 1852 tonsi
328 1797 425 1852 lutatis
440 1813 498 1852 non
514 1796 609 1853 solum
626 1799 744 1869 quaudo
763 1799 810 1855 di·
864 1800 971 1853 otetur.
986 1794 1044 1852 Deo
1058 1795 1137 1852 Patri
1150 1796 1315 1868 complaoet
1339 1798 1369 1853 in
1394 1796 1507 1868 electis,
1523 1815 1597 1871 quoa
1621 1803 1689 1856 tan·

70 1887 114 1942 rtis
137 1903 189 1958 pro
211 1884 326 1941 Christo
350 1884 447 1941 natale
465 1886 573 1952 solum,
595 1902 696 1942 verum
720 1887 809 1943 eliam
864 1900 953 1956 quam
966 1883 1689 1962 unigeniticoharedespradestinavitadregnum

69 1976 106 2031 do
121 1974 241 2032 venistis
254 1973 284 2029 in
300 1974 424 2044 patriam
440 1972 577 2040 alienam,
592 1974 657 2044 eius
676 1973 811 2048 exemplo
864 1973 953 2045 (Rom.
969 1974 1041 2045 νιιι).
1056 1973 1148 2030 Homo
1160 1975 1263 2046 justus
1278 1974 1441 2049 compleret
1462 1978 1533 2048 Deo,
1547 1978 1596 2050 qui
1622 1980 1690 2036 ten·

73 2065 163 2121 ictum
179 2069 244 2120 est:
261 2086 276 2113 ιι
292 2064 437 2135 Egredere
451 2064 486 2119 de
501 2066 579 2119 terra
600 2066 629 2119 et
644 2063 680 2119 de
703 2080 810 2136 cogna-
864 2077 952 2134 quam
967 2061 1108 2119 obediens
1123 2066 1153 2119 et
1168 2063 1289 2119 devotus
1300 2062 1588 2136 beneplacitumejus
1598 2066 1691 2124 adim·

80 2159 141 2224 tua,
152 2160 182 2210 et
194 2152 261 2208 reni
276 2153 306 2208 in
321 2156 429 2208 terram
443 2168 531 2225 quam
544 2157 745 2209 monstravero
755 2151 810 2209 tibi
865 2150 933 2223 plot.
947 2150 1076 2207 Primum
1102 2155 1132 2207 et
1143 2151 1303 2209 maximum
1315 2158 1361 2210 eet
1373 2153 1450 2226 quod
1462 2153 1624 2227 compleret
1633 2155 1691 2212 eibi

79 2245 141 2314 ιιι).
156 2263 171 2292 ι
188 2241 244 2297 Sed
260 2240 364 2308 videte,
382 2239 560 2310 charissimi,
576 2258 613 2297 ne
633 2241 701 2298 lana
724 2258 810 2299 rena·
865 2238 950 2296 Pater
970 2239 998 2295 ln
1018 2239 1109 2307 Filio;
1125 2242 1291 2297 secundum
1307 2245 1337 2297 et
1357 2242 1487 2298 medium
1511 2242 1589 2314 quod
1612 2242 1690 2299 Patri

73 2331 237 2399 rinconis,
254 2334 287 2385 ut
305 2330 334 2385 in
359 2331 514 2402 AEgyptum
540 2331 634 2387 redire
658 2330 754 2386 velitis
773 2331 809 2387 ad
863 2325 1025 2400 complacet
1042 2327 1072 2383 in
1087 2327 1187 2385 electis
1200 2348 1207 2397 ;
1219 2329 1339 2385 tertium
1355 2334 1384 2386 et
1400 2329 1538 2386 ultimum
1555 2332 1630 2403 quod
1642 2332 1691 2404 ju·

76 2419 209 2477 carnium
225 2417 270 2475 vol
286 2434 414 2490 pepones
437 2423 467 2473 et
481 2418 538 2474 alia
552 2418 653 2490 (Enod.
670 2422 758 2491 xxvi),
774 2434 811 2476 ne
864 2422 929 2472 stus
944 2416 1106 2489 compleret
1119 2421 1188 2474 Deo.
1203 2417 1355 2475 studeatis
1369 2418 1479 2492 itaque,
1496 2417 1612 2488 iratres,
1627 2424 1692 2476 stu·

70 2509 164 2582 ,quod
180 2507 267 2574 absit,
280 2507 311 2563 in
326 2506 470 2578 sepulcris
485 2507 729 2581 coucupiscentia
745 2524 809 2564 mo·
864 2504 959 2561 dentis
981 2504 1040 2562 Deo
1070 2504 1260 2577 complacere,
1284 2506 1499 2579 beneplacitum
1528 2508 1594 2580 elus
1621 2508 1691 2565 totis

70 2598 117 2654 ini.
128 2597 157 2651 si
168 2595 285 2668 quaudo
297 2594 463 2668 igiturtalis
474 2594 541 2651 lena
556 2595 730 2665 renascitur,
743 2613 810 2670 pro·
864 2592 976 2649 viribus
991 2594 1191 2666 adimplendo,
1206 2598 1238 2650 ut
1259 2595 1288 2650 in
1312 2595 1396 2652 vobis
1416 2595 1473 2652 sihi
1497 2596 1691 2669 complaceat,

79 2685 246 2752 tondeatur,
264 2690 297 2740 ut
312 2685 378 2739 sitis
390 2699 460 2756 gron
475 2706 489 2735 «ι
506 2688 659 2741 musarum
684 2701 751 2759 qua
774 2686 811 2743 de
864 2699 989 2756 reguum
1007 2700 1094 2740 suurn
1117 2681 1200 2741 vobis
1222 2683 1453 2741 misericorditer
1462 2684 1630 2759 largiendo,
1644 2701 1691 2743 re-

72 2792 104 2832 ro
127 2777 270 2831 venerunt
293 2773 390 2844 (cont.
405 2774 483 2846 ιι).ι
509 2772 550 2828 De
574 2774 670 2847 primo
694 2774 810 2832 lavacro
864 2788 955 2847 guum
972 2773 1053 2845 pacis
1068 2776 1098 2829 et
1107 2773 1341 2844 tranquillitatis,
1351 2790 1473 2845 regnum
1484 2773 1688 2833 delectationis

70 2864 108 2919 tis
123 2863 241 2935 quando
256 2878 291 2918 ex
305 2877 382 2933 aqua
402 2865 432 2918 et
453 2861 562 2934 Spiritu
588 2867 689 2919 sancto
715 2863 810 2921 renati
864 2866 893 2918 et
905 2860 1114 2933 jucunditatis,
1131 2877 1255 2935 regnum
1270 2861 1345 2919 lucis
1361 2868 1391 2918 et
1401 2862 1555 2932 claritatis,
1567 2880 1691 2938 regnum

72 2968 86 3008 ι
105 2952 195 3023 (locc-
213 2953 274 3020 ιιι),·
291 2951 326 3005 de
351 2951 477 3006 secundo
504 2966 571 3007 vero
595 2950 709 3007 lavacro
733 2968 810 3025 sepe
864 2950 1058 3008 beatitudinis
1072 2956 1101 3006 et
1115 2949 1264 3007 felicitatis
1278 2956 1411 3021 aterum
1429 2952 1458 3008 iu
1474 2968 1615 3024 quocum
1638 2971 1690 3010 au-

70 3040 223 3106 edebetis,
240 3045 272 3095 ut
293 3038 395 3095 lavetis
418 3055 468 3111 per
490 3039 622 3112 singutas
644 3046 744 3097 noctes
767 3041 810 3098 le·
864 3038 939 3113 getis
953 3040 1065 3097 sanctis
1076 3044 1105 3096 et
1117 3039 1271 3097 animabus
1282 3040 1377 3097 beatis
1389 3040 1690 3114 mereaminisemper

82 3127 405 3200 vestrum‚ettaorymis
420 3133 544 3183 stratum
561 3134 691 3186 vestrum
706 3114 847 3204 irriga-C
864 3128 964 3204 ipsum
980 3129 1089 3197 videre,
1106 3130 1202 3202 ipsum
1226 3145 1413 3202 cognoscere,
1430 3129 1529 3201 ipsum
1556 3129 1688 3205 diligere,

70 3219 126 3274 'rot
138 3218 363 3285 v1):noneolum
380 3233 431 3288 pro
443 3217 571 3289 peccatis
581 3217 697 3288 vestris,
708 3236 808 3275 verum
864 3219 963 3291 ipsum
979 3218 1087 3275 habere
1102 3216 1213 3273 trinum
1229 3222 1258 3273 et
1273 3234 1377 3285 unum,
1392 3222 1521 3285 Patrem.
1538 3218 1643 3275 Filium
1661 3225 1690 3277 et
1802 3248 1811 3257 ·

69 3325 76 3363 ι
87 3322 139 3379 pro
151 3305 255 3361 alienis
264 3305 393 3362 offeratis
403 3311 462 3360 Deo
472 3306 648 3362 sucrificium
663 3308 811 3364 contribu·
865 3309 1006 3380 Spiritum
1015 3312 1163 3374 sanctum,
1173 3307 1432 3376 aternum,vivum
1441 3311 1576 3363 etvsrum
1589 3312 1691 3378 Deum,

70 3394 193 3468 spiritus.
206 3393 269 3450 Non
293 3394 406 3466 spernit
421 3393 535 3463 flentes,
560 3411 618 3451 non
634 3394 728 3452 solnm
759 3413 810 3468 pro
867 3398 918 3469 qui
933 3400 978 3453 est
992 3411 1082 3466 super
1096 3395 1196 3452 omnia
1210 3395 1381 3451 benedictus
1402 3394 1433 3450 in
1448 3396 1556 3453 secula
1570 3395 1691 3453 aeonio-

70 3488 118 3540 atu
138 3482 202 3538 vita
214 3482 259 3539 vel
281 3482 345 3549 vice,
361 3482 566 3538 verumetiam
583 3500 635 3555 pro
657 3483 812 3543 dilectione
871 3502 947 3542 rum.
963 3487 1067 3541 Amen.

719 3771 865 3841 suello
889 3773 960 3840 Xll.

558 3903 595 3960 IN
615 3903 784 3962 COMMUNI
805 3906 852 3962 DE
870 3905 944 3964 UNA
961 3903 1121 3962 vmulne.

70 4029 220 4100 iodroptici
243 4027 404 4100 acceptione
419 4030 498 4097 rapui
519 4029 667 4086 cetorum:
682 4032 857 4100 negotiatore
873 4032 969 4103 iniquo
989 4036 1015 4087 et
1031 4032 1116 4100 irato,
1131 4044 1216 4102 proco
1238 4033 1265 4086 et
1287 4034 1381 4085 coacto
1394 4047 1401 4085 :
1416 4030 1449 4086 de
1472 4032 1693 4100 mcrpcritorum

70 4118 173 4190 ttiptrci
188 4116 377 4185 distinctione,
391 4119 534 4189 praecipce
548 4130 640 4174 tomen
654 4118 687 4175 de
703 4119 818 4190 tripiici,
834 4135 953 4192 quorum
966 4117 1101 4191 paaetidct
1115 4134 1132 4173 c
1146 4116 1310 4189 quibusdam
1330 4117 1406 4185 tene,
1423 4124 1448 4173 et
1472 4118 1508 4173 ot
1531 4119 1597 4175 cliii
1621 4117 1694 4177 molo

70 4208 172 4266 mitur.

70 4493 122 4550 site
130 4500 170 4549 eat
180 4509 298 4563 regnam
308 4495 438 4550 ocimum
448 4495 557 4551 homini
565 4494 815 4569 tapetiumque·
829 4478 853 4543 Ι)
865 4495 1019 4562 scandum
1033 4494 1070 4551 de
1084 4494 1190 4552 tertio:
1205 4516 1220 4545 a
1239 4494 1372 4568 Regnum
1396 4494 1446 4551 Dei
1471 4494 1549 4551 intra
1576 4509 1627 4551 ros
1650 4498 1696 4550 ost

71 4582 155 4639 tonos
164 4582 814 4657 margaritas.laventooctempretiosomorpa·
868 4586 946 4657 (cac.
961 4592 1032 4652 xvu)
1042 4601 1053 4646 ,·
1071 4605 1085 4634 n
1101 4584 1137 4639 de
1151 4587 1276 4655 quarto:
1296 4585 1479 4640 aloieretur
1503 4599 1521 4638 a
1542 4583 1627 4640 vobis
1648 4597 1696 4639 re·

77 4671 150 4728 dedit
176 4676 270 4729 omnio
294 4688 352 4741 suo,
378 4676 405 4729 et
426 4677 600 4746 comparavit
622 4690 684 4731 eom
707 4674 813 4748 (ltottlt.
869 4689 960 4747 gnum
976 4679 1005 4728 et
1019 4672 1140 4729 dabitur
1153 4671 1234 4744 genti
1250 4671 1367 4728 facienti
1384 4672 1498 4728 iructus
1513 4671 1578 4743 ejus
1588 4672 1694 4745 (licut.

868 4768 937 4831 xm).
953 4783 969 4813 »
985 4768 1119 4834 Regnum
1135 4776 1205 4834 ergo
1220 4760 1360 4817 coelorum
1385 4759 1561 4834 intelligitur
1584 4760 1614 4816 in
1640 4758 1697 4816 hoc

70 4866 156 4924 mum
167 4851 319 4918 coelorum,
331 4853 417 4924 cujus
429 4852 560 4909 definitio
570 4853 817 4927 multifariespar·
868 4852 932 4908 loco
946 4849 1077 4907 lloclesia
1093 4848 1297 4918 militantium,
1312 4866 1413 4907 eorum
1429 4849 1573 4920 videlicet,
1589 4847 1638 4920 qui
1658 4849 1696 4905 do

82 4939 113 4996 in
127 4941 297 5012 scripturis,
311 4941 389 4997 aliud
407 4947 451 4998 est
469 4959 560 5015 supra
571 4960 636 5008 nos,
647 4943 727 4999 alind
738 4944 816 5001 circa
869 4939 1013 4996 aedicere
1030 4944 1179 5011 possunt:
1198 4939 1331 4996 rNostra
1356 4939 1539 4997 conversatio
1562 4938 1591 4992 in
1613 4935 1695 4993 oretis

70 5033 95 5085 st
109 5029 190 5085 aliud
207 5035 288 5085 extre
304 5047 367 5085 noe.
385 5032 466 5097 Quod
482 5048 574 5104 supra
590 5049 645 5089 nos
661 5037 716 5100 est,
732 5032 817 5089 intel·
869 5036 915 5088 est
943 5030 1050 5102 (Ptitp.
1066 5030 1119 5101 ιιι).
1143 5051 1158 5081 n
1184 5034 1245 5087 lloo
1274 5047 1402 5100 regnum,
1426 5031 1456 5085 id
1484 5031 1530 5084 est
1555 5024 1694 5093 Ecclesia,

70 5133 92 5173 ιι
115 5118 245 5174 Ecclesia
270 5120 538 5190 triumphantium:
554 5122 632 5193 quod
659 5123 736 5178 inira
760 5138 816 5179 nos
868 5120 961 5177 simite
978 5118 1084 5176 dicitur
1107 5119 1217 5175 domici
1245 5120 1429 5192 nepotictori,
1449 5115 1588 5190 querenti
1613 5115 1697 5171 tocco

74 5207 237 5280 nteliigitur
262 5208 333 5264 tides
358 5215 437 5264 recta
451 5230 458 5278 ς
472 5210 551 5282 quod
575 5214 656 5267 extra
681 5226 733 5267 noe
758 5215 816 5282 est,
869 5209 1048 5280 margarites.
1064 5206 1120 5263 Sed
1136 5212 1181 5264 est
1196 5209 1360 5281 negotiator
1381 5207 1502 5279 iniquus
1525 5207 1553 5259 et
1577 5219 1697 5276 pravae,

70 5294 167 5368 ligitur
178 5296 222 5352 lex
232 5296 341 5353 divine.
357 5301 395 5352 De
406 5303 500 5369 primo
516 5299 640 5354 dicitur:
653 5321 667 5349 a
679 5298 814 5368 Venient,
870 5303 900 5356 et
913 5300 958 5354 est
973 5290 1137 5369 negotiator
1149 5297 1251 5367 iustus
1266 5301 1294 5353 el
1306 5293 1486 5351 sanctus.ile
1500 5290 1696 5365 negotiatione

70 5385 200 5441 tumbert
211 5401 278 5441 cum
291 5385 541 5457 Abraham,leaac
552 5388 678 5444 etlacob
690 5387 718 5441 in
728 5403 815 5459 regno
870 5386 974 5459 iniqua
989 5389 1017 5442 et
1031 5401 1120 5457 prava
1135 5385 1243 5442 dieitur
1254 5385 1284 5442 in
1301 5383 1434 5441 Psalmo:
1450 5403 1464 5433 a
1480 5381 1624 5446 Quoniam
1637 5398 1696 5438 non

70 5475 251 5546 rumillcttii.
269 5476 372 5544 v111):»·
389 5476 424 5530 de
450 5477 598 5534 secundo:
616 5476 739 5532 Exibunt
764 5492 817 5532 cn·
871 5474 993 5546 cognovi
1017 5473 1243 5548 negotiationes,
1258 5472 1387 5530 introibo
1411 5471 1442 5526 in
1467 5471 1616 5544 potentiae
1639 5470 1697 5528 lio-
1761 5462 1766 5471 ’

70 5562 151 5619 idest
166 5566 343 5633 massonae
357 5564 486 5636 coliipant
500 5565 629 5638 derepno
644 5567 703 5636 eice
718 5567 817 5624 omnic
873 5563 947 5620 mini
971 5564 1057 5635 (Prot.
1078 5564 1168 5636 axx),
1195 5584 1209 5614 ι
1234 5563 1271 5620 de
1292 5560 1491 5635 negotiatione
1510 5560 1646 5632 honesta,
1666 5565 1697 5618 et
