3796 5986
471 262 477 274 ·
559 268 708 326 sunum
726 228 873 325 nonium
890 271 920 326 s.
941 270 1105 328 seramus
1122 273 1172 327 nu
1189 272 1310 329 sema.

10 418 23 429 '¹'
82 422 1787 454 m

291 551 544 650 nurum
578 509 838 654 orionus
873 554 921 651 S.
958 555 1236 655 serenus
1271 557 1337 655 nu
1373 559 1571 658 sexli.

10 912 16 983 J
104 894 256 953 Fratribus
268 894 380 952 ordinis
389 894 488 952 sensti
497 895 624 967 Spiritus
634 895 663 950 in
674 894 759 951 Sexis
769 895 893 953 ubilibet
906 896 935 966 Α
949 897 1783 977 deperditumqueretur.ii]nsdemSpiritueeenntivirtus

10 1002 16 1011 ·
66 983 448 1042 constitutistternerdinus
458 983 584 1058 cyrillus
594 985 902 1057 Aournarroeejusdem
956 987 1068 1043 soletur
1082 987 1158 1043 inter
1174 1004 1237 1059 nos,
1254 988 1480 1062 pusiitenimes3
1496 996 1535 1061 et,
1552 994 1577 1050 si
1591 994 1643 1066 qui
1658 994 1729 1062 sint,
1741 995 1786 1053 in·

10 1076 13 1155 j
67 1073 185 1130 ordinis
198 1079 369 1145 prereptos,
385 1079 414 1131 et
428 1073 574 1148 generalis
590 1074 741 1148 magister.
953 1075 1069 1147 quietos
1083 1076 1223 1149 corripiet
1236 1094 1244 1147 ;
1261 1080 1418 1151 proiectos,
1429 1079 1672 1154 languentesque,
1683 1084 1785 1142 etlone

103 1163 245 1235 Regulum
262 1163 376 1220 ordinis
396 1163 502 1234 nostri,
517 1169 547 1220 et
571 1168 702 1220 veterum
727 1167 897 1220 nostrornm
953 1170 1054 1221 nostru
1067 1182 1122 1221 sua
1136 1167 1254 1223 dextere
1269 1173 1396 1236 tueatur,
1413 1173 1441 1225 et
1455 1176 1598 1245 proteget.
1618 1171 1690 1229 idibi
1701 1173 1784 1231 insu·

67 1251 208 1309 institute
223 1257 355 1319 Petrum,
370 1252 477 1309 fratres
492 1251 689 1322 diieotiseimi‚
703 1253 800 1308 denuo
815 1252 897 1309 uobis
952 1270 1004 1327 per
1018 1255 1081 1326 (qni
1097 1272 1149 1326 pro
1163 1256 1246 1312 vobis
1261 1258 1411 1326 omnibus,
1432 1264 1462 1316 et
1477 1276 1524 1317 me
1547 1259 1613 1333 ipso
1636 1261 1780 1324 retionem

65 1340 276 1410 ostendimus,
301 1342 335 1397 ed
353 1357 481 1416 quorum
496 1341 714 1398 observantiam
740 1339 820 1399 omni
835 1357 897 1411 vos,
952 1343 1073 1400 reddere
1088 1347 1201 1415 teneor)
1210 1345 1276 1415 eius
1290 1346 1379 1418 dono,
1397 1349 1564 1423 vestrisque
1583 1351 1779 1422 orationibus,

64 1446 125 1504 qun
138 1446 310 1504 possumus,
326 1430 434 1498 ottioio,
451 1435 480 1487 et
495 1430 602 1488 eiieotu
618 1430 783 1487 hortemur.
802 1430 836 1488 Ut
846 1446 898 1504 per
950 1432 1079 1507 compati
1093 1436 1123 1490 et
1139 1434 1270 1492 misereri
1282 1434 1431 1510 dignetur.
1446 1437 1549 1496 Veleet
1563 1439 1631 1514 quis
1644 1444 1778 1500 restrum

66 1536 101 1577 ee
116 1534 170 1576 noe
185 1518 264 1578 Deos
280 1519 468 1593 omnipotens
484 1518 593 1593 diriget
608 1519 637 1574 in
653 1518 729 1576 viem
755 1535 852 1590 suem,
867 1523 897 1577 et
951 1520 981 1577 in
997 1520 1133 1589 Domino,
1148 1528 1178 1580 et
1191 1525 1256 1597 ejus
1270 1523 1300 1581 iu
1322 1524 1428 1583 timore
1452 1527 1548 1601 ipsius
1575 1529 1727 1602 mundata,
1748 1534 1779 1589 st

63 1608 367 1682 eenettejuespiritus
378 1625 511 1676 munere,
522 1608 689 1682 vestrisque
705 1608 853 1681 preoibus,
870 1609 896 1668 si
950 1609 1098 1684 regularia
1112 1612 1174 1670 beo
1188 1617 1333 1687 prsoepte
1347 1619 1453 1673 servet.

66 1697 141 1772 quid
157 1701 258 1755 nostro
273 1697 301 1755 in
317 1697 420 1756 ordine
434 1698 588 1755 infirmum
599 1697 648 1766 eit,
660 1696 770 1755 coeleeti
781 1714 836 1771 ope
847 1714 895 1755 so·
986 1699 1092 1770 Rome,
1110 1701 1140 1759 in
1165 1719 1249 1760 seore
1267 1703 1405 1778 hospitali
1430 1706 1490 1763 sede
1514 1707 1614 1765 Senoti
1637 1707 1776 1782 spiritur.

64 1785 188 1856 lidetur,
211 1792 334 1844 sonetur
357 1793 512 1861 egrotum,
536 1786 674 1861 alligetur
697 1788 894 1860 oonirnotum,
950 1787 1002 1846 Kal
1017 1789 1123 1863 tprlis,
1140 1791 1221 1849 156⁴.

65 1875 229 1934 reduoetur
261 1877 422 1950 ebjsotnm,
445 1874 536 1950 etpie
560 1875 713 1935 oberitatie
732 1877 894 1934 etieottone.

386 2194 548 2255 EJUSDEM
559 2193 667 2254 secui
680 2193 825 2253 nuntius
840 2193 967 2254 seueri
981 2196 1142 2256 suintune
1158 2197 1447 2258 FUNDAMENTUM.

60 2485 151 2542 Lectio
170 2483 198 2540 S.
214 2482 359 2555 Evangelii
376 2484 527 2542 secundum
545 2485 714 2550 Uettiorum,
736 2495 797 2551 enp.
817 2492 881 2537 xxv.
898 2477 1044 2549 Bideris,
1057 2483 1087 2538 et
1098 2484 1200 2538 eanoto
1214 2481 1348 2555 Spiritui,
1361 2485 1390 2539 et
1404 2480 1533 2539 dominis
1548 2481 1659 2540 nostrie
1681 2480 1764 2539 intir-

97 2572 130 2629 in
145 2571 195 2630 iiio
211 2579 352 2646 tempore,
368 2571 441 2629 dixit
453 2578 541 2633 Jesus
555 2571 710 2646 disoipuiis
725 2569 799 2627 suis.
816 2567 884 2625 Cum
939 2568 996 2625 mis
1012 2568 1170 2642 recipimus
1185 2572 1224 2640 ts,
1241 2573 1271 2627 et
1286 2570 1413 2628 animem
1430 2569 1522 2644 petris
1535 2570 1591 2641 tui,
1606 2575 1635 2628 et
1658 2570 1762 2628 matris

58 2662 276 2734 omentorum,
292 2668 348 2718 sto.
366 2678 374 2718 τ
391 2677 485 2736 nsque
500 2663 548 2737 ed,
564 2662 637 2721 tosti
652 2668 745 2718 autem
758 2658 885 2715 invitam
937 2661 995 2715 turn
1006 2659 1034 2715 in
1052 2658 1163 2731 missis,
1187 2659 1352 2729 matutinis,
1376 2658 1498 2732 jejuniis
1519 2662 1549 2716 et
1569 2658 1761 2717 oretionibne.

60 2759 205 2808 sumam.
938 2747 1142 2822 eleemosynis,
1159 2752 1188 2806 et
1201 2748 1232 2805 in
1248 2749 1363 2806 eunetis
1378 2750 1452 2806 bene
1467 2748 1562 2817 tactis,
1574 2765 1638 2822 quae
1650 2749 1764 2807 dnntet

95 2843 264 2897 museus
289 2837 389 2896 divine
412 2840 603 2897 miseratione
628 2837 709 2897 tituli
733 2837 763 2895 S.
785 2835 884 2893 ueris
937 2837 1010 2894 fient
1022 2838 1052 2894 in
1067 2840 1154 2895 domo
1167 2838 1267 2897 Sancti
1284 2838 1413 2911 Spiritus
1430 2855 1436 2894 :
1453 2842 1485 2894 ut
1499 2843 1574 2894 oens
1589 2837 1679 2896 teiem
1695 2854 1763 2911 par·

62 2931 147 2984 treus
162 2928 292 2985 Tiberim
305 2929 467 3004 presbyter,
483 2935 513 2986 et
528 2929 685 2988 missurus
699 2928 729 2986 S.
746 2926 885 2984 Mariaein
938 2929 997 2983 tem
1014 2926 1067 2983 tibi
1084 2927 1237 2993 retribunt,
1253 2926 1372 3002 qualem
1397 2926 1604 3001 unusquisque
1628 2930 1763 2984 nostrum

60 3018 403 3084 Conernedindieoonue,
419 3018 596 3088 oardineles,
611 3016 888 3084 dileetisdtiis,ma·
937 3015 1044 3073 bebere
1059 3021 1216 3089 exspectet.
1244 3018 1279 3074 ut
1302 3017 1409 3074 domne
1433 3017 1531 3074 Sennti
1558 3016 1688 3090 Spiritus
1713 3033 1765 3090 pe·

60 3105 165 3178 gietro,
180 3110 210 3163 st
224 3107 354 3179 oapituto
369 3108 475 3165 domus
486 3112 514 3163 S.
527 3108 654 3180 Spiritus
677 3109 714 3163 de
729 3105 806 3163 Urbe
828 3109 885 3161 Ro·
937 3121 1004 3162 nem
1020 3108 1050 3161 et
1065 3121 1171 3179 oqunm
1187 3106 1240 3163 tibi
1261 3105 1415 3180 promittit,
1437 3110 1467 3162 et
1490 3111 1600 3163 vestem
1619 3103 1764 3162 humilem

61 3189 886 3264 mene,etunivereisrectoribue,iretribus,eteororibus
937 3194 1029 3251 debit.

62 3282 188 3341 etierum
203 3285 358 3342 domorum
369 3286 425 3341 sub
440 3285 535 3358 ipsius
549 3285 653 3341 ordine
667 3290 696 3340 et
715 3281 885 3354 magisterio
974 3286 1036 3349 Ono
1050 3284 1143 3350 tinito,
1153 3284 1177 3339 si
1187 3286 1356 3358 preceptori
1365 3285 1426 3342 sive
1434 3285 1586 3358 megistro,
1598 3286 1627 3341 et
1634 3283 1764 3357 oepitnio

58 3372 450 3442 eommoreutibus,eelntem
463 3374 493 3428 in
506 3373 710 3430 Dominoflaen
720 3376 767 3428 est
778 3369 887 3441 Regula
939 3371 1065 3438 videtur,
1080 3378 1240 3446 praeoeptor
1253 3374 1315 3431 eive
1329 3372 1481 3446 magister,
1496 3369 1541 3428 vet
1553 3371 1632 3444 prior
1639 3369 1764 3443 eooipiet

60 3464 200 3536 quamde
215 3464 353 3519 meudnto
368 3474 398 3519 et
421 3463 593 3519 euotoritete
617 3461 696 3518 sedis
720 3458 886 3534 epoetolioes
940 3461 1112 3518 mantellum
1128 3478 1136 3519 ε
1151 3467 1180 3518 st
1195 3463 1325 3518 ostendit
1339 3463 1366 3519 ei
1381 3463 1647 3533 erucem,etpouat
1657 3459 1694 3515 a'd
1702 3458 1762 3516 oot-

57 3552 145 3609 sobie
159 3551 315 3610 observare
329 3551 528 3625 precipimus,
544 3555 602 3608 ete
616 3564 734 3607 summo
750 3549 887 3623 pontifioe
939 3550 1002 3607 lum
1018 3550 1083 3621 ejus
1097 3551 1219 3608 dioens:
1236 3550 1289 3607 Per
1303 3550 1358 3607 boo
1368 3551 1485 3624 signnm
1496 3549 1592 3605 erneis
1603 3547 1764 3621 ingiatete

60 3641 174 3699 soitioet
188 3641 308 3698 domino
323 3640 494 3698 Innooentio
509 3656 585 3713 papa
607 3639 657 3708 iil,
682 3638 750 3695 date
778 3635 844 3704 init,
859 3641 888 3693 et
940 3639 1426 3713 onrnemetignum.etGhristuete
1438 3638 1577 3711 perdonet
1589 3636 1625 3693 ad
1636 3650 1762 3710 regnum

63 3729 202 3788 omnibus
218 3733 415 3788 saoroeenetre
436 3728 570 3786 dentosis
593 3727 793 3785 oerdinetibns
816 3741 887 3783 eou-
940 3734 1093 3787 eternum.
1108 3733 1211 3786 Amen.

61 3820 190 3891 flrmnte,
203 3837 267 3893 que
282 3820 325 3877 sio
335 3819 459 3894 insipit:
900 3848 923 3919 c
977 3819 1028 3876 itis
1042 3819 1140 3883 dietis,
1156 3819 1242 3893 proni
1253 3819 1283 3874 in
1299 3822 1377 3875 terre
1387 3832 1549 3891 prooespro
1561 3830 1595 3874 eo
1605 3812 1762 3873 teoiented

96 3910 164 3968 Ger.
180 3912 202 3967 Ι.
213 3938 249 3953 -
262 3910 360 3967 Sosote'
375 3908 495 3980 Spiritus
508 3908 584 3966 odeat
596 3907 677 3964 sotis
690 3907 790 3979 pretio
941 3909 1109 3978 Dominnm;
1124 3914 1155 3965 et
1182 3908 1262 3981 prior
1276 3908 1336 3965 sive
1345 3905 1544 3982 magister,vel
1555 3905 1765 3978 eliquieseoer·

99 4000 130 4055 tn
144 3998 263 4054 nomine
275 3996 390 4054 Domini
405 4002 435 4054 et
444 3995 601 4054 individue
610 3994 774 4065 Trinitatis,
783 3995 885 4064 Petris,
939 3998 994 4055 dos
1009 3997 1132 4070 inoipiat
1152 3996 1303 4054 pennum
1318 3997 1454 4054 soilioet:
1481 4000 1561 4052 Deua
1580 3994 1762 4061 misereretur,

61 4092 91 4146 et
106 4087 184 4157 Filii,
200 4092 229 4143 et
245 4086 375 4158 Spiritus
390 4084 498 4153 saneti,
514 4087 615 4142 tmen.
631 4083 776 4141 Omnibus
791 4083 886 4140 tratri·
940 4102 1008 4145 oum
1024 4086 1123 4143 Gloria
1134 4086 1213 4142 Petri
1229 4101 1236 4142 ε
1254 4085 1359 4142 deinde
1372 4085 1445 4141 dioit
1455 4084 1538 4156 ityrie
1547 4081 1668 4140 eleison.
1679 4081 1765 4139 Peter

63 4179 120 4236 bue
135 4180 165 4233 et
184 4175 339 4233 sororibus
363 4180 425 4231 tem
440 4173 647 4248 ,presentibus
669 4189 759 4243 quem
778 4171 885 4229 tuturis
941 4181 1050 4232 noster.

60 4265 155 4324 totius
169 4264 283 4323 ordinis
297 4264 327 4322 S.
344 4263 471 4336 spiritus
486 4261 682 4335 precipiendo
697 4260 886 4328 mendemne,
941 4267 969 4336 Ι.
987 4267 1024 4322 Et
1039 4280 1142 4321 nenos
1156 4263 1281 4320 induens
1296 4265 1326 4320 in
1343 4262 1548 4321 tentationem.

63 4360 95 4413 ut
110 4356 166 4412 sub
183 4353 362 4420 obedientie,
377 4353 408 4409 in
423 4353 569 4422 castitate,
585 4355 615 4408 et
627 4352 690 4409 eine
713 4350 832 4424 proprio
843 4349 886 4407 vi·
941 4356 971 4425 ri.
992 4354 1048 4411 Sed
1061 4352 1154 4411 iibere
1168 4370 1223 4411 nos
1237 4351 1353 4410 amnlo.

59 4449 140 4511 vant,
151 4443 188 4499 ed
199 4440 501 4500 ourameteervitinm
511 4455 674 4513 pauperum
685 4438 887 4513 prinoipetiter
940 4444 968 4515 ᾗ.
987 4442 1106 4499 Salvum
1121 4443 1166 4500 iao
1182 4457 1299 4499 servum
1315 4446 1411 4508 tuum,
1424 4439 1557 4497 Domine.

60 4532 254 4591 intendendo.
940 4533 972 4603 ri.
992 4532 1070 4590 Dens
1086 4547 1180 4596 mene,
1196 4533 1363 4604 sperantem
1380 4530 1409 4586 in
1420 4533 1461 4587 te.

131 4622 200 4681 Gar.
214 4620 251 4678 ΙΙ.
267 4651 301 4664 -
315 4620 353 4677 De
366 4620 547 4692 memieeiom
557 4620 734 4676 anubionem.
940 4623 968 4694 ᾗ.
989 4621 1071 4678 Mitte
1085 4622 1123 4692 ei,
1134 4620 1267 4691 Domine,
1283 4617 1427 4675 auxilium
1438 4618 1596 4676 deeenoto.

96 4712 156 4785 Ego
171 4712 205 4769 N.
231 4710 321 4767 otiero
340 4713 370 4766 et
393 4709 478 4765 trado
505 4707 653 4781 meipsum
668 4713 738 4775 Deo,
754 4712 783 4765 et
796 4709 887 4766 beate
941 4712 971 4781 ri.
992 4711 1027 4767 Et
1037 4711 1073 4768 de
1085 4710 1154 4768 Sion
1170 4715 1252 4767 tuere
1266 4724 1343 4766 eum.

59 4800 168 4869 lteris,
182 4805 211 4857 et
225 4803 327 4858 senotn
341 4795 473 4870 Spiritui,
488 4801 518 4853 et
532 4796 662 4856 dominis
676 4796 785 4854 nostris
803 4796 887 4854 infir·
940 4802 968 4872 ᾗ.
989 4801 1057 4858 [isto
1072 4800 1109 4872 si,
1126 4799 1258 4868 itomine,
1268 4799 1358 4856 turris
1369 4795 1560 4855 tortitudinis.

60 4891 130 4960 mis,
142 4894 175 4947 ut
190 4889 328 4946 omnibus
343 4885 523 4945 diebusvits
538 4901 609 4942 mee
623 4885 680 4942 sim
706 4901 807 4942 servus
823 4885 887 4943 iilo·
942 4892 972 4961 ἢ.
994 4889 1104 4947 Ateoie
1116 4888 1241 4945 inimioi.

61 4997 140 5037 rom.
153 4979 293 5035 Promitto
309 4977 487 5043 uastitatem,
502 4991 570 5032 oum
586 4973 887 5047 Deieuxilioeerrere,
942 4981 970 5050 Ι.
991 4977 1127 5049 Domine,
1141 4976 1247 5035 exendi
1259 4976 1422 5034 oretionem
1439 4989 1546 5032 meem.

62 5074 91 5126 et
105 5069 170 5126 eine
183 5067 301 5141 proprio
317 5066 423 5134 vivere,
439 5070 468 5122 et
482 5064 535 5121 tibi
556 5063 591 5120 N.
615 5067 644 5121 et
669 5064 889 5123 sueoeeeoribns
944 5071 976 5140 ri.
996 5067 1031 5125 itt
1045 5066 1156 5124 olemor
1169 5082 1254 5124 meus
1268 5065 1304 5123 ed
1315 5069 1343 5122 te
1359 5064 1465 5122 veniet.

63 5157 125 5216 tuis
133 5153 332 5215 obedientiam
349 5152 715 5226 tenere,etboneipsorum
724 5168 888 5227 pauperum
947 5161 976 5233 p,
995 5157 1140 5217 Dominus
1151 5156 1315 5215 nobiseum.
1333 5157 1363 5227 ri.
1380 5155 1415 5212 iit
1429 5170 1496 5211 enm
1511 5150 1622 5226 Spiritu
1634 5153 1697 5208 tuo.

64 5245 191 5304 fideliter
211 5241 368 5301 eustodire.
385 5241 433 5300 sio
448 5257 495 5300 me
518 5245 596 5300 Deus
623 5241 744 5314 adiuret
766 5246 796 5301 et
825 5220 933 5302 beel)

65 5341 169 5397 eenote
184 5333 349 5409 Evangelia.
1289 5307 1413 5364 omnm·

100 5427 135 5483 ΕΙ
149 5426 251 5483 ῡῐῐθῐᾶῐ
266 5439 299 5481 ⁸⁰
313 5422 466 5479 ⁰⁰ffl¹ibt⁰
481 5421 517 5481 td
532 5421 633 5491 tliffl,
649 5427 705 5480 020·
862 5472 864 5477 ⁴
978 5431 1111 5501 protege,
1129 5424 1261 5484 bomine.
1277 5419 1422 5479 samnium
1443 5424 1527 5476 tuum
1547 5417 1601 5492 (rel
1625 5417 1768 5479 temulem

155 5515 221 5573 Cet·
238 5514 287 5572 ΙΙΙ·
305 5542 338 5553 ··
353 5513 392 5570 ⁰⁶
404 5510 564 5583 ⁷⁶02'titt‘0m
575 5511 754 5570 Mittim-
943 5521 1037 5594 tuem)
1053 5525 1082 5578 et
1095 5519 1194 5593 gretie
1209 5521 1265 5574 tue
1277 5514 1352 5572 done
1372 5513 1402 5570 tn
1419 5528 1452 5570 eo
1476 5509 1641 5585 multiplice
1657 5527 1664 5569 :
1688 5509 1769 5570 nteb

100 5618 156 5674 Per
178 5609 419 5689 promissionem,
441 5625 544 5685 -qnem
558 5608 617 5670 lieo
631 5609 739 5686 teeieti,
754 5614 784 5671 st
796 5611 888 5673 beete
942 5610 1082 5671 omnibus
1097 5612 1215 5669 tuentur
1227 5602 1360 5679 offensis,
1379 5606 1408 5661 et
1435 5619 1453 5662 e
1472 5601 1686 5678 temporeiibue
1708 5617 1779 5661 non.
1886 5688 1889 5693 y
