3796 5986
63 264 124 325 053
546 270 595 325 bit
612 262 912 335 Queuemettm'rt
930 263 1058 322 mclii
1075 264 1301 323 NUP'l'leUU.
1722 263 1778 334 Ν

10 395 29 429 ²
68 394 281 469 bocglediotu
296 392 413 452 dicisin
429 394 707 468 scaagesimum
722 393 894 465 venipoeem
909 391 938 459 Α
951 396 995 448 est
1011 391 1158 448 bominem
1174 395 1345 464 pereuntem
1360 391 1516 450 miseretns
1535 391 1686 466 respicies,
1700 395 1777 452 redi·
1831 440 1834 445 .

61 488 180 556 ,mittere
195 489 224 540 in
238 489 355 548 terrem,
370 485 418 542 sed
432 485 576 558 ptcdium.
592 487 663 540 Veni
677 482 753 539 enim
768 497 899 552 separare
952 499 1036 539 mens
1053 500 1104 555 per
1118 483 1291 548 bumenem,
1302 489 1331 539 et
1344 483 1512 550 glorificens
1527 502 1579 556 per
1592 485 1778 545 Divinemdlt

10 578 23 609 Ξ
69 576 209 633 nerninem
224 575 354 630 aduersus
368 578 477 645 putrem
499 592 591 643 ereum,
606 579 633 631 et
654 575 744 644 filiam
766 574 899 628 odncrrur
952 578 1051 628 eutem
1064 573 1118 629 boc
1132 578 1332 645 competenter
1345 574 1468 644 estimes,
1477 589 1605 646 prospere
1615 575 1775 647 proeedeed

16 688 21 693 ·
68 672 285 720 mutremeucm
289 704 342 718 .....
358 673 384 719 et
399 663 514 720 inimici
528 663 650 720 bominis
674 664 814 719 domestici
827 663 896 732 rjus.
952 661 1774 736 pensionem‚nonutiqueprosperetue,sedprosperans,

10 774 20 788 ·
69 753 126 810 Sed
142 752 286 823 uceinpere
299 752 397 823 plodio
412 770 495 824 super
516 757 609 825 [emur
623 763 700 808 tuum
726 751 748 787 ⁷⁸
762 756 837 822 Lego
852 751 897 805 dt·
953 757 985 806 ut
1000 750 1122 808 miseros
1138 751 1285 807 redimes:
1301 755 1327 807 et
1340 768 1428 820 repeto
1444 768 1495 824 per
1511 752 1775 822 Resurrectionem,

10 848 17 879 '·
70 847 151 900 ctum
176 844 205 897 in
229 843 327 898 iixndo
344 859 351 897 z
377 842 400 877 ”
415 847 503 899 Ponet
518 845 561 899 vir
573 841 700 915 pluuium
712 856 794 908 super
806 843 899 911 [emur
953 845 986 896 ut
1001 841 1167 911 redemptos
1182 840 1336 907 glorifices.
1352 840 1402 897 Vel
1423 842 1492 913 quie
1515 841 1616 915 diffuso
1629 845 1668 899 est
1682 845 1777 914 pretia

10 936 13 967 ³
69 948 177 988 enum:
201 933 249 998 lte,
265 939 293 987 et
310 930 397 987 redite
410 931 444 988 de
459 939 542 1003 porta
556 947 641 1005 neque
661 930 697 987 od
718 935 827 1003 portum
847 945 899 1000 per
952 929 981 984 in
997 928 1080 985 latin
1094 931 1160 994 tuis,
1173 946 1242 1002 ergo
1263 946 1395 1002 prospere
1420 931 1536 1003 procede
1563 931 1776 1003 predicationis

10 1024 15 1061 :
70 1021 374 1089 mediumenrtrorum,
388 1024 416 1076 et
437 1023 546 1077 occidet
565 1021 754 1092 unusquisque
767 1021 897 1091 penetrem,
945 1018 1059 1088 milicie,
1084 1017 1207 1090 quintu
1230 1036 1262 1075 es
1285 1020 1392 1088 lipnum
1414 1019 1437 1055 ”
1461 1019 1533 1090 quod
1555 1021 1712 1093 plantutum
1737 1027 1777 1079 eet

10 1112 13 1129 '
67 1112 242 1177 etumieum,
257 1117 283 1165 et
296 1110 458 1180 proximum
470 1126 561 1165 suum.
579 1109 656 1181 Lego
680 1123 798 1180 quoque
823 1106 897 1163 scri·
950 1122 1026 1162 meur
1039 1106 1411 1179 decursneoqunrum,quod
1424 1107 1548 1180 fructum
1561 1125 1643 1165 sunm
1656 1111 1736 1167 dabit
1745 1114 1776 1167 ire

68 1204 152 1272 ptum
168 1199 198 1254 in
216 1197 365 1255 Centicis:
381 1199 405 1233 ”
419 1200 560 1256 lectulum
582 1197 737 1255 Solomonis
750 1196 898 1268 reeopintn
951 1200 1070 1267 tempore
1082 1212 1157 1253 ruo:
1179 1200 1206 1253 et
1225 1197 1327 1266 polium
1342 1198 1400 1270 ejus
1415 1213 1469 1253 non
1483 1197 1606 1268 detinet:
1630 1207 1656 1256 et
1670 1202 1773 1269 omnio,

67 1290 153 1360 {ortes
175 1287 358 1345 ambienter
380 1290 538 1359 {ortueimie
552 1287 643 1344 lsrael
647 1327 701 1345 .....
717 1287 897 1357 uniuscujue-
950 1298 1127 1357 quaeeumque
1151 1285 1243 1354 (sciet,
1266 1286 1509 1357 prosperabuntur.
1530 1287 1565 1359 lli
1588 1287 1653 1345 ideo
1677 1288 1774 1362 gladio

10 1390 12 1395 ·
67 1393 121 1449 que
135 1379 210 1432 erreis
222 1378 412 1449 reperiemur
425 1393 517 1445 suum,
531 1386 643 1449 propter
661 1378 772 1432 timores
785 1379 896 1431 creetur·
951 1374 1168 1445 praedicetionis
1183 1391 1273 1445 super
1296 1374 1392 1431 lemur
1415 1375 1609 1433 bumenitetis
1624 1379 1774 1436 accinctus

67 1481 127 1521 nor.
145 1465 200 1521 Sed
215 1471 244 1521 et
259 1465 346 1522 eliter
361 1464 492 1538 intelligo
507 1468 617 1522 dietum
635 1466 670 1522 de
685 1465 753 1533 iilis,
770 1469 800 1521 et
813 1465 898 1521 etiter
949 1478 1052 1534 repnte:
1069 1465 1162 1535 primo
1178 1480 1229 1535 per
1243 1464 1329 1519 fidem
1346 1465 1376 1519 in
1392 1462 1520 1521 Ecclesia
1543 1463 1704 1535 militente;
1720 1467 1774 1524 de·

10 1596 12 1601 .
67 1553 205 1627 intelligo
228 1554 340 1610 dictum
365 1555 402 1610 de
424 1558 463 1611 te.
480 1554 553 1610 Nem
568 1554 612 1610 illi
627 1571 717 1627 snper
733 1554 827 1609 iernur
845 1570 895 1609 ec·
951 1567 1033 1606 mum
1050 1568 1101 1624 por
1115 1552 1242 1623 speciem
1260 1552 1288 1607 iu
1304 1552 1432 1608 ecclesie
1443 1553 1774 1628 triumphent03quete·

67 1642 156 1700 cincti
172 1648 254 1713 sunt,
270 1650 303 1699 ut
316 1643 433 1715 culpem
449 1645 547 1700 cernis
567 1645 765 1717 restringent;
782 1648 812 1699 tu
831 1659 895 1699 sero
950 1655 1007 1694 uus
1020 1641 1148 1696 udreniet
1158 1641 1182 1676 ”
1195 1657 1312 1709 repnum
1324 1644 1418 1696 tuum:
1428 1642 1480 1711 piet
1496 1641 1624 1699 uoluntas
1638 1648 1686 1700 tuo
1702 1647 1774 1702 sicut

66 1748 159 1803 super
170 1731 893 1805 lemureccingeris‚utneturemcernisostsndes.
910 1763 933 1828 B
950 1729 982 1784 in
996 1729 1073 1798 ereio,
1087 1738 1114 1786 et
1128 1731 1158 1785 in
1172 1735 1260 1786 terrm

65 1824 173 1877 Femur
187 1821 265 1877 enim
282 1828 328 1878 est
342 1822 534 1879 seminarium
551 1822 686 1878 bumenn
712 1827 834 1888 neture,
847 1821 893 1877 vel
983 1818 1006 1854 ”
1020 1820 1135 1890 Propter
1156 1823 1311 1885 ceritatem,
1326 1828 1353 1875 ct
1376 1818 1630 1889 monsuetudinem,
1644 1825 1671 1879 et
1683 1822 1771 1894 justi·

66 1911 305 1984 propagationis3
327 1911 413 1983 juxte
436 1912 513 1983 quod
529 1910 676 1967 Abrehem
693 1910 765 1965 dixit
781 1911 818 1965 ed
832 1926 893 1966 ser·
947 1906 1772 1980 tiumltcrumSponsumcommendettripliciter.Areri-

64 2015 135 2054 rum
151 2016 158 2055 :
175 1999 196 2035 ¹¹
213 2001 287 2056 Pone
300 2017 416 2056 monum
429 2004 507 2056 tuum
520 2001 613 2057 subter
622 2003 717 2071 [emur
728 2006 818 2067 terum,
834 2015 892 2056 non
946 1998 1006 2052 tete
1020 1997 1180 2052 doctrine:
1196 2013 1213 2053 e
1229 1998 1455 2054 mansuetudine
1472 1997 1637 2070 petientie:
1654 1998 1771 2072 ejusli-

63 2086 108 2144 eit
119 2103 212 2159 super,
229 2089 279 2144 esd
294 2090 398 2158 subter,
415 2094 533 2162 propter
552 2088 606 2167 tui·
622 2090 825 2154 reverentiem,
841 2088 891 2160 qui
946 2087 985 2141 tis
1000 2086 1089 2142 vitm:
1116 2088 1267 2142 everitete
1289 2087 1428 2142 doctrinm
1450 2103 1540 2158 quem
1565 2087 1728 2159 predicet:
1752 2103 1771 2146 e

63 2179 231 2233 secundum
248 2184 384 2234 netursm
402 2178 564 2234 bumenem
580 2179 616 2234 de
628 2177 678 2235 illo
694 2194 759 2235 eres
782 2177 892 2233 femore
946 2176 1172 2232 mansuetudine
1195 2177 1344 2248 patientie
1358 2192 1446 2248 quum
1464 2175 1603 2234 exhibet:
1624 2177 1770 2249 ejustitin

62 2265 88 2301 ⁸¹
105 2268 322 2340 propagandus.
338 2269 485 2340 Acrinpere
508 2268 608 2340 itequs
630 2285 714 2339 cuper
735 2270 837 2339 lemur,
861 2267 890 2323 id
944 2267 1010 2324 vitre
1026 2282 1114 2338 quem
1130 2265 1243 2336 implet.

63 2360 213 2428 estsuper
228 2357 454 2424 humanitatem,
472 2358 499 2412 in
516 2373 574 2429 qne
594 2357 683 2413 debes
704 2356 854 2414 diebolum
869 2355 892 2393 ”
980 2357 1000 2392 ”
1014 2361 1079 2412 Her
1093 2355 1150 2410 trie
1164 2354 1291 2409 maxims
1302 2353 1465 2410 necessaris
1479 2358 1550 2410 sunt
1564 2356 1717 2427 regnenti:
1736 2360 1769 2412 ut

64 2461 244 2517 expugnare.
259 2445 345 2502 Aliud
367 2445 513 2518 siquidem
538 2454 580 2502 est
605 2448 736 2516 uceinpi;
751 2447 830 2501 eliud
847 2449 893 2501 cst
944 2446 984 2502 sit
997 2462 1082 2500 verax
1096 2443 1127 2498 in
1143 2459 1211 2499 ore:
1237 2454 1409 2498 mensuetus
1425 2443 1454 2497 in
1469 2444 1556 2499 corde
1574 2461 1581 2500 :
1610 2443 1709 2516 justus
1735 2445 1767 2503 in

62 2534 210 2606 rueeinpi,·
234 2540 262 2590 et
281 2534 361 2591 eliud
386 2546 428 2591 est
452 2537 596 2608 praect'npi.
612 2536 684 2591 Nem
708 2535 892 2603 accingimur
944 2550 1040 2606 opere.
1067 2533 1141 2589 Fleuo
1169 2538 1280 2604 propter
1307 2533 1460 2600 veritatem,
1486 2549 1575 2604 quem
1601 2532 1767 2605 predioesti

63 2623 235 2697 pugnaturi,
249 2626 414 2680 secundum
429 2625 502 2681 illud
515 2642 522 2681 :
533 2625 557 2660 ”
566 2625 800 2695 tecirpimini,et
810 2628 891 2680 estote
944 2625 1034 2696 (unde
1044 2638 1094 2692 epo
1105 2621 1248 2679 ueritatem
1257 2622 1280 2658 '²
1290 2621 1352 2678 dieo
1362 2622 1446 2683 cobtrr
1457 2621 1567 2693 expedit
1579 2622 1664 2687 vobin
1675 2628 1706 2680 nt
1714 2640 1767 2695 epo

60 2711 123 2784 filii
136 2718 260 2784 potenter
262 2755 317 2771 .....
332 2717 464 2786 quonium
479 2714 581 2770 melius
601 2722 640 2771 eet
663 2715 741 2770 nobie
763 2713 836 2769 mori
858 2713 891 2769 in
944 2713 1053 2770 endam.
1069 2711 1456 2783 Propter-monsuetudinem,
1476 2727 1565 2782 quem
1594 2712 1765 2770 exhibuisti.

67 2803 148 2869 betto,
164 2821 246 2878 quom
259 2804 351 2861 nubre
360 2806 434 2861 mole
444 2807 533 2878 pentir
548 2815 661 2871 nostre,
671 2811 699 2862 et
714 2805 888 2862 Sanctorum.
945 2803 1022 2858 unde
1037 2800 1174 2859 dircite⁸⁸
1198 2819 1217 2855 u
1241 2815 1294 2863 mc,
1309 2798 1374 2871 quic
1402 2799 1479 2856 mitis
1506 2816 1579 2863 rum.
1595 2809 1622 2857 et
1649 2803 1767 2859 humilis

63 2893 269 2965 Succingimur
282 2893 363 2959 ituri,
377 2896 540 2951 secundum
565 2895 638 2951 iilud
657 2913 664 2952 ε
690 2895 713 2931 ”
727 2895 821 2952 Simon
836 2896 889 2951 Pe·
943 2893 1032 2948 eorde.
1050 2895 1166 2961 Propter
1188 2889 1341 2962 justitium,
1358 2905 1446 2960 quem
1469 2888 1610 2961 implesti,
1627 2891 1705 2948 unde
1727 2894 1767 2951 sio

60 2985 132 3047 true,
147 2999 210 3038 cum
223 2983 346 3040 animet
360 2983 427 3054 quic
442 2983 634 3049 Dominureet,
647 2985 891 3040 tunicoeuecineit
942 2980 1018 3038 dccet
1034 2979 1057 3016 ”
1070 2997 1118 3036 nos
1134 2979 1251 3042 impiere
1271 2994 1378 3035 omnem
1395 2977 1544 3047 justitium.
1562 2979 1669 3036 Diceris
1692 2997 1765 3053 quo·

60 3087 100 3137 ee,
117 3076 142 3128 et
156 3072 235 3128 misit
254 3088 283 3128 ee
307 3074 338 3128 in
357 3089 442 3128 more.
459 3072 667 3144 Precingimur
683 3073 888 3140 ministraturi,
944 3085 1001 3140 que
1017 3086 1103 3125 verex
1116 3069 1146 3124 in
1163 3069 1317 3140 promissis
1332 3066 1511 3138 implendis:
1529 3068 1605 3124 unde
1621 3069 1666 3125 lec
1679 3070 1702 3106 ”
1713 3087 1766 3142 per

63 3162 226 3217 secundum
243 3160 314 3216 illud
328 3177 335 3218 :
351 3161 375 3197 ”
390 3163 461 3217 lune
474 3165 623 3234 praecinpet
637 3179 676 3230 se,
686 3171 713 3217 et
727 3162 812 3231 societ
826 3163 888 3219 illos
903 3133 926 3203 c
942 3161 1049 3232 diopren
1063 3161 1131 3215 duta
1145 3167 1203 3220 ert:
1227 3159 1331 3229 pratia,
1346 3165 1372 3213 et
1395 3155 1497 3212 veritus
1511 3173 1560 3229 per
1569 3159 1663 3215 terum
1679 3161 1766 3217 Cleri·

61 3249 241 3327 discumbere,
265 3254 292 3305 et
314 3249 453 3306 transiere
479 3250 656 3307 ministrabit
682 3250 750 3307 illie.
767 3250 890 3307 Ponitur
942 3253 1015 3305 etum
1029 3250 1102 3319 foetu
1116 3255 1165 3304 eet.
1182 3251 1255 3318 Ergo
1271 3263 1357 3315 repnc
1372 3250 1484 3317 propter
1504 3247 1672 3311 veritatem:
1695 3266 1765 3306 nem

62 3342 162 3396 temen
179 3339 449 3413 trequenterunum
465 3357 517 3412 pro
533 3339 610 3407 elio;
635 3340 713 3396 sicut
734 3340 817 3397 lenite
838 3357 888 3413 po·
943 3339 978 3394 dc
994 3346 1022 3393 ts
1035 3336 1178 3409 scriptum
1194 3340 1256 3392 est:
1281 3336 1303 3371 ”
1328 3336 1448 3407 Unpeter
1459 3335 1576 3392 Sanetus
1590 3336 1766 3409 Sanctorum,

61 3434 122 3487 test
132 3444 167 3485 ex
177 3427 281 3484 multis
291 3429 508 3501 scripturorum
518 3430 744 3485 suctoritetibus
754 3446 889 3501 compro·
942 3432 968 3484 et
984 3426 1147 3496 implebitur
1161 3427 1241 3492 visio,
1256 3431 1282 3481 et
1295 3424 1453 3496 prophetia,
1465 3433 1497 3480 ut
1510 3425 1638 3482 deteotm
1661 3426 1767 3500 iniqui·

61 3516 137 3576 beri.
942 3525 995 3582 tor,
1009 3526 1035 3571 et
1049 3514 1204 3570 adducatur
1221 3513 1331 3585 iustitio
1355 3517 1531 3584 sempiterno.
1548 3514 1658 3571 Diceris
1683 3533 1766 3573 men·

95 3605 228 3678 ”Specie
249 3611 310 3675 teto,
322 3611 350 3662 et
371 3607 580 3679 pulchritudine
603 3612 653 3663 tuo
679 3608 798 3673 intende,
824 3625 888 3680 pro-
943 3609 1045 3660 euctus
1060 3603 1089 3657 in
1105 3602 1270 3674 opprobriis
1286 3601 1484 3672 perferendis:
1508 3603 1586 3659 unde
1599 3619 1646 3675 epo
1659 3605 1729 3660 sicut
1743 3605 1766 3642 ”

59 3711 140 3766 spere
153 3696 276 3766 procede,
287 3699 312 3750 et
328 3696 532 3768 repnu.solent
545 3696 755 3766 speciosissimi
770 3698 806 3751 de
822 3696 889 3768 pul·
942 3710 1033 3763 aprus
1053 3701 1220 3755 mensuetus,
1242 3691 1294 3762 qui
1316 3694 1443 3757 portetur
1465 3693 1502 3746 cd
1523 3690 1674 3750 sicimam.
1691 3692 1764 3766 Ergo

60 3784 230 3841 cbritudine
243 3787 397 3856 superbire
414 3801 420 3841 :
447 3785 544 3841 solent
565 3790 594 3840 et
618 3785 815 3856 potentissimi
832 3803 888 3858 pre
941 3799 1027 3853 repro
1041 3786 1151 3853 propter
1163 3779 1420 3841 monendudinem
1431 3784 1462 3836 tu
1475 3782 1727 3853 nemquedixisti:
1743 3782 1766 3819 ”

59 3873 235 3930 tortitudine
249 3873 453 3930 desevirem
470 3890 536 3930 vero
551 3873 816 3945 licetsisrpecieeue
828 3879 888 3947 for·
943 3870 1069 3940 (intuiti,
1083 3880 1110 3926 et
1124 3869 1198 3925 turdi
1223 3868 1304 3925 eorde
1326 3868 1362 3924 ud
1385 3869 1550 3926 credendum
1574 3873 1604 3926 in
1629 3872 1768 3944 erunibus,
1803 3872 1808 3881 ’

58 3980 108 4019 mn
120 3976 182 4035 prae
195 3962 264 4033 filiis
277 3968 432 4028 bominum,
443 3980 500 4018 non
512 3968 610 4018 temen
624 3965 773 4035 superbis:
786 3966 889 4022 enideo
942 3976 1003 4034 quae
1026 3960 1109 4015 locuti
1132 3963 1197 4015 snut
1220 3958 1388 4026 Propteeaer
1412 3962 1472 4016 Non
1501 3960 1558 4015 ltaee
1580 3964 1686 4031 oportet
1707 3962 1770 4032 putt'

58 4050 150 4124 speeie
168 4056 227 4116 tuo,
243 4055 271 4108 et
293 4051 506 4126 pulchritudine
528 4065 577 4106 tuo
601 4051 734 4108 intende:
759 4053 826 4109 iicet
847 4055 889 4109 sie
942 4050 1094 4117 Christum,
1108 4057 1135 4105 et
1149 4050 1195 4104 ilc
1210 4050 1318 4103 intrure
1334 4049 1364 4101 in
1378 4046 1501 4115 pierium
1525 4048 1634 4103 suomi
1656 4048 1770 4104 Diceris

58 4140 298 4214 potentissimus,
326 4143 465 4197 accinctus
476 4172 481 4179 ·
491 4140 586 4211 plodio
610 4157 692 4213 super
717 4146 809 4212 lemur
830 4159 888 4198 non
938 4140 1040 4210 justus
1050 4137 1081 4194 in
1093 4137 1215 4208 judiciis
1233 4137 1421 4192 exercendis:
1439 4137 1516 4191 unde
1530 4137 1623 4193 tostin
1635 4137 1658 4173 ”
1672 4138 1768 4194 Domi·

60 4237 158 4287 umen
174 4229 314 4287 deseris:
331 4235 360 4285 et
375 4229 443 4286 inde
457 4244 589 4301 prospere
608 4229 732 4300 procede,
747 4239 887 4303 etrepnn.
942 4244 1006 4295 nur,
1035 4233 1062 4284 et
1089 4224 1226 4290 iustitium
1253 4224 1366 4291 ditexit,
1395 4225 1556 4296 nequitatem
1580 4223 1651 4282 uidit
1678 4227 1769 4282 cutem

58 4317 243 4375 Lsudevsret
257 4334 399 4390 sponsum
417 4318 580 4391 tripliciter,
591 4334 726 4374 asserens
742 4335 809 4375 eum
826 4335 889 4390 spe·
942 4318 1011 4390 eius.
1029 4320 1102 4388 lingo
1118 4331 1202 4386 repre
1215 4318 1328 4385 propter
1335 4313 1499 4383 justitium:
1514 4330 1583 4371 nem
1597 4315 1634 4371 dc
1648 4320 1677 4373 te
1691 4315 1768 4374 scri·

59 4405 613 4479 ciosieeimum,eloquentissimum,et
628 4408 887 4479 potentissimum:
942 4413 1025 4479 ptum
1041 4411 1103 4463 est:
1122 4405 1155 4442 ¹⁰⁰
1169 4406 1342 4460 Poteromne
1351 4401 1493 4473 judicium
1507 4404 1590 4460 dedit
1603 4403 1674 4461 ritto
1677 4444 1732 4463 .....
1736 4408 1769 4463 ct

59 4511 139 4552 nuno
163 4502 262 4552 eutem
287 4496 414 4568 singulis
429 4497 548 4567 singule
563 4497 668 4552 reddit.
684 4498 806 4567 lntemte,
820 4514 884 4569 pro·
901 4506 927 4572 Ι)
941 4498 1098 4567 potestatem
1113 4492 1191 4551 dedit
1210 4494 1239 4548 ci
1262 4491 1397 4562 indicium
1411 4494 1514 4563 fucere,
1529 4494 1596 4566 quio
1610 4492 1703 4551 Filius
1717 4494 1767 4553 be·

55 4599 136 4656 spere
149 4583 263 4655 procede
277 4588 303 4641 et
317 4601 425 4654 repno:
443 4585 529 4656 qussi
554 4585 644 4653 dicet,
659 4585 730 4657 quie
752 4588 890 4655 speciosus
943 4587 1027 4641 minis
1041 4588 1091 4639 ert.

58 4688 87 4730 er
104 4675 201 4743 soemo
225 4674 388 4730 secundum
413 4674 889 4746 bumenitetem,eegoepeeietuo
978 4673 1111 4746 Plerique
1148 4687 1215 4727 vero
1252 4674 1386 4742 potentes
1418 4669 1554 4728 homene
1593 4672 1769 4732 conditionis

59 4761 147 4818 nobis
162 4763 284 4819 intende.
293 4763 348 4820 Sed
366 4764 436 4835 quie
450 4780 507 4834 prae
517 4762 585 4834 filiis
595 4763 889 4834 bominumrpeeiorur
942 4761 1037 4827 obliti,
1053 4760 1150 4815 solent
1163 4774 1229 4814 esse
1243 4756 1399 4824 terribiles,
1412 4758 1558 4826 crudeles,
1572 4760 1700 4832 tyranni,
1717 4759 1768 4816 iel·

57 4852 223 4909 secundum
238 4851 428 4909 Divinitetem
438 4869 445 4909 :
456 4868 525 4926 ergo
540 4852 652 4907 intende
668 4852 752 4908 nobis
764 4853 888 4925 putcltri·
943 4847 1370 4921 laces,imputantesintqute
1381 4852 1408 4904 te
1419 4864 1497 4915 vero,
1509 4848 1559 4921 qui
1570 4854 1614 4904 est
1624 4849 1767 4921 potentis·

57 4939 156 4998 tudine
170 4949 238 5002 tun:
249 4945 396 5013 quetsnus
410 4943 500 5014 specie
514 4945 609 5009 tumet
618 4940 828 5012 pulchritudine
839 4952 888 5000 tun
942 4941 1048 5006 simus,
1060 4939 1120 4994 brec
1134 4937 1233 4994 omnis
1247 4942 1444 4993 removentur.
1459 4941 1522 4992 Non
1538 4937 1616 4993 enim
1634 4953 1666 4993 es
1680 4936 1766 4994 terrl·

57 5029 384 5101 intendens,secundum
401 5036 556 5107 utrumque
566 5034 703 5087 neturem
712 5029 887 5102 intendue‚id
942 5029 1021 5100 bilis,
1037 5028 1088 5085 scd
1103 5025 1264 5098 benignum
1284 5025 1354 5098 quie
1367 5027 1455 5098 specie
1469 5034 1528 5092 tuo,
1543 5029 1570 5081 et
1580 5024 1766 5097 pulchritudi-

92 5253 115 5289 ”
130 5253 216 5309 tlcttb
244 5255 286 5319 10,
302 5253 348 5319 31,
363 5257 389 5309 et
399 5269 455 5324 seq.
484 5254 507 5290 ”
522 5254 615 5325 Merp.
627 5259 728 5311 Femur
742 5254 892 5322 dupliciter
915 5254 1087 5317 explicatur.
1113 5252 1138 5289 ”
1151 5254 1217 5320 Cap.
1232 5251 1279 5316 32,
1291 5251 1336 5306 27.
1351 5250 1375 5286 ”
1390 5250 1456 5318 Cup.
1477 5249 1505 5314 3,
1517 5248 1545 5316 7,
1561 5251 1587 5305 et
1600 5248 1628 5304 8.
1654 5248 1676 5286 ”
1693 5247 1761 5306 Gen.

58 5326 104 5382 21.
120 5327 147 5379 2.
162 5325 186 5360 ”
197 5325 267 5382 ibid.
284 5328 329 5391 22,
345 5325 371 5378 8.
387 5324 410 5360 ”
423 5327 464 5380 to.
481 5325 508 5389 3,
519 5327 544 5379 8.
557 5326 580 5362 ”
595 5328 606 5382 1
615 5327 703 5382 ilerd.
720 5328 747 5393 3,
761 5327 797 5382 58
812 5332 838 5384 et
848 5328 893 5383 59.
908 5327 932 5363 ⁸⁸
945 5329 985 5385 ic.
999 5328 1045 5383 21.
1060 5327 1088 5380 7.
1104 5325 1126 5360 ”
1141 5329 1219 5379 11142
1234 5326 1273 5384 12.
1289 5323 1335 5378 37.
1351 5322 1373 5357 ”
1383 5321 1470 5387 Mera.
1484 5321 1629 5376 muitetur
1640 5323 1763 5393 Sponsus

57 5414 74 5453 c
84 5397 338 5467 tormoeecundum
353 5406 499 5468 utrunrque
511 5401 649 5454 naturum.
662 5399 685 5435 ”
700 5400 743 5454 Pe.
760 5400 786 5466 1,
802 5399 829 5454 3.
845 5398 868 5435 ”
882 5400 964 5455 dotti
990 5399 1017 5463 6,
1035 5398 1077 5453 to.
1101 5396 1123 5432 ⁸⁰
1151 5395 1245 5465 Murp.
1280 5394 1421 5450 Laudatur
1446 5397 1567 5455 Sponsus
1592 5392 1625 5449 de
1646 5391 1764 5451 ueritate

56 5468 280 5537 mansuetudine,
296 5472 323 5525 et
338 5467 451 5524 'uetitiee
467 5469 489 5505 ⁸¹
504 5470 566 5525 lter
587 5471 646 5526 ‚lte
659 5471 756 5538 tribur,
772 5487 832 5539 que
846 5469 1002 5529 nemrruric
1016 5474 1080 5525 runt
1092 5465 1243 5535 deonanti.
1259 5465 1282 5501 ’¹
1295 5467 1374 5522 loon.
1392 5465 1437 5529 16,
1456 5465 1483 5519 7.
1499 5464 1523 5501 ”
1538 5465 1632 5521 llcttle.
1648 5465 1693 5531 11,
1715 5466 1762 5523 29.

54 5540 210 5671 giguit&
227 5542 270 5597 15.
285 5540 309 5576 ”
320 5484 400 5597 icen.
418 5544 442 5611 1,
463 5541 502 5598 17.
518 5539 541 5578 ”
595 5542 655 5600 niel
669 5542 697 5615 2,
712 5543 759 5600 21.
773 5543 796 5580 ”
809 5546 870 5602 Jer.
887 5542 933 5613 11,
947 5542 1028 5601 19.”’
1043 5543 1121 5601 Lucre
1132 5539 1178 5610 21,
1192 5540 1229 5596 25
1242 5546 1268 5595 et
1280 5539 1326 5594 26.
1341 5537 1364 5573 ”
1376 5535 1451 5594 erat.
1464 5537 1508 5609 10,
1520 5537 1549 5592 8.
1566 5536 1600 5573 ”’
1621 5539 1703 5598 tons.
1733 5538 1761 5594 5.
