3796 5986
3 230 7 235 ·
95 214 151 276 θῶ

747 212 956 270 innocentum
976 213 1016 271 ill
1034 216 1146 271 PAPAE.
1760 214 1804 273 833

96 344 257 401 secesserat
270 340 300 396 ln
316 339 455 414 Ephrem.
471 338 518 395 Sic
532 338 610 397 enim
627 338 752 395 hahetur
765 337 796 394 in
822 338 919 394 Dran·
935 334 962 402 A
977 339 1084 410 (dotti.
1100 341 1168 410 xxi).
1185 343 1246 396 Vox
1259 338 1430 413 angelorum
1443 338 1604 397 Trinitatis
1630 342 1664 397 st
1695 341 1824 409 unimur,

97 432 195 506 gelio:
221 431 290 488 Cum
316 429 435 488 venisset
458 431 535 488 iesus
550 430 777 502 Hierosolymam,
804 427 921 484 intrauit
976 427 1661 499 inDeocorumendatarcanum3roxhominum
1679 428 1805 487 divinita·

96 521 128 578 in
155 522 288 594 temptam
317 521 366 576 Dei
393 525 420 575 el
440 520 520 589 eiecit
534 519 677 576 rrendentes
705 521 731 573 ei
752 526 874 575 ementes
889 517 922 573 de
975 517 1246 575 tiaathumsnitatia
1259 518 1288 574 in
1302 518 1808 591 Christopersonatsacramentam.

97 611 206 684 templo,
219 612 334 667 dicens:
350 609 450 665 Domus
473 623 534 664 mea
558 606 796 664 macerationis
809 607 921 663 uocati·
976 606 1185 664 Potesttamen
1202 606 1382 682 praefationis
1396 607 1527 665 officium
1544 608 1583 664 sd
1605 606 1692 665 illud
1707 608 1807 682 seiani

97 708 144 757 tur
155 699 264 773 (Dalii.
280 698 349 771 xm).
922 690 926 697 ’
976 697 1052 769 quod
1068 696 1156 753 Jesus
1172 696 1306 754 escendit
1319 697 1349 753 in
1366 696 1551 755 coeuaculum
1568 712 1727 772 magnum
1742 702 1809 757 atrr-

398 804 516 863 cppppp
546 804 618 862 LXI,
975 789 1050 841 tum.
1067 787 1099 842 In
1114 802 1173 858 quo
1187 785 1282 843 malta
1297 785 1414 843 locutus
1427 792 1473 843 cat
1483 803 1552 843 cum
1561 786 1735 861 discipulis
1743 789 1807 860 suis,

396 896 433 951 p,
445 895 618 968 praesapponp
975 878 1004 930 et
1019 875 1130 946 gratias
1145 891 1248 948 agens,
1264 875 1407 949 hymnum
1429 875 1529 932 retulit
1543 881 1608 933 Deo
1621 879 1712 934 Patri
1740 878 1807 951 (tae.

132 1001 600 1074 Quiavemimumjampalm
625 999 795 1057 umbuhba,
821 998 920 1069 Jews,
974 961 1497 1037 xxu),quemioanneaevaugslista
1524 965 1694 1035 describit,
1724 983 1809 1042 usqua

98 1091 230 1165 itaquod
247 1090 444 1147 incrastinum
459 1091 543 1146 tarda
557 1089 650 1146 multa
672 1103 734 1162 oue
759 1095 921 1145 convenerat
975 1053 1195 1124 dumegmm
1210 1058 1287 1109 met
1311 1059 1392 1110 ΜΕ
1421 1058 1583 1110 mmmm
1613 1054 1752 1126 (κόψ’
1779 1058 1810 1114 ‘¹⁸

97 1182 132 1237 ad
146 1181 220 1238 diem
233 1184 347 1252 settara,
357 1196 419 1235 cum
432 1178 580 1236 audissent
594 1179 662 1252 quio
674 1180 752 1235 iesus
767 1178 841 1234 uenit
857 1179 919 1233 liic·
976 1156 1032 1212 (³¹¹⁰
1042 1141 1113 1242 Μ
1127 1141 1285 1244 Μῂωΰῧ
1296 1143 1344 1198 :Et
1353 1141 1454 1215 'mmm'
1463 1142 1690 1245 &mmmm
1700 1148 1733 1202 ὴ
1742 1162 1810 1204 ''⁰¹'‘

98 1272 282 1345 rosolpmam,
298 1275 566 1342 aecepeiautromos
578 1267 754 1340 palmorum,
769 1278 796 1324 et
811 1267 920 1323 obuiam
977 1238 1030 1285 mm
1047 1228 1144 1286 mmm
1159 1230 1263 1303 ‘Ham‘
1280 1232 1366 1303 mn·
1381 1232 1516 1288 ⁰⁰¹⁸⁸¹u⁸
1531 1249 1613 1307 papa
1636 1238 1760 1292 mcum
1786 1240 1813 1293 εἴ

96 1363 296 1434 processerant,
308 1359 480 1426 clamantea3
510 1359 658 1414 llosanno!
683 1357 844 1414 Benedictus
872 1357 922 1428 qui

96 1452 173 1505 venit
187 1450 216 1504 in
226 1450 338 1504 nornine
353 1447 464 1502 Domini
478 1463 527 1502 rea
541 1446 626 1502 lsrael
641 1446 732 1519 stoan.
747 1446 811 1517 xu).
835 1445 921 1500 Levat

96 1553 166 1610 argo
181 1536 318 1592 sacerdos
332 1551 438 1590 manus
449 1539 478 1591 at
489 1551 598 1605 vacem,
608 1534 731 1591 dicendo
742 1532 839 1606 palam
851 1536 921 1591 :Per

97 1624 191 1683 omnia
205 1624 493 1683 secalosecaloram.
510 1623 589 1680 Finis
604 1622 745 1680 orationis
770 1627 815 1679 cst
837 1623 919 1695 prin·

95 1712 206 1788 cipium
221 1712 413 1787 prelationis,
444 1730 494 1786 per
523 1712 601 1784 quud
629 1711 766 1768 sacerdos
777 1711 959 1799 insinuatss
1274 1694 1395 1753 CAPUT
1411 1694 1493 1754 Lm

95 1802 175 1878 quod
191 1802 325 1858 Christus
339 1807 385 1859 ssi
397 1801 471 1873 lapis
487 1800 637 1874 angularia
659 1802 685 1874 (l
696 1802 771 1858 Patr.
800 1802 840 1874 ιι),
871 1801 920 1875 qui
1105 1784 1143 1840 θ’
1157 1784 1326 1856 ‘xlmifffmlss
1342 1787 1518 1858 mimmii
1531 1785 1674 1856 ‘illidet-Y·

92 1892 159 1965 {ecit
174 1900 294 1964 utraque
309 1907 397 1946 unam
413 1891 521 1963 (Eptes.
536 1890 568 1963 11)
578 1889 594 1945 J
598 1891 696 1946 udaeos
712 1890 867 1947 continens
891 1893 920 1947 et
1010 1892 1187 1964 Monetergo
1202 1891 1351 1958 sacerdos,
1367 1897 1400 1948 ut
1412 1893 1629 1950 cordasursum
1640 1894 1808 1954 babeamus

94 1980 231 2055 gentiles.
249 1984 281 2037 ut
297 1980 335 2036 sit
347 1997 433 2036 aurem
444 1979 519 2038 ovile
532 1987 558 2036 rt
569 1997 639 2035 onas
650 1982 746 2051 pastor
762 1981 850 2050 (ioan.
879 1979 918 2052 x).
975 1979 1009 2036 ad
1022 1979 1192 2046 Dominum,
1206 1982 1368 2037 secundum
1379 1981 1613 2040 exhortationem
1621 1986 1809 2058 Apostolldi·

95 2069 178 2128 Unde
194 2072 260 2145 post
275 2070 391 2127 laudem
407 2050 575 2125 iudeorum
591 2068 770 2142 evangelista
781 2068 921 2126 describit
974 2069 1087 2125 centis:
1106 2070 1172 2138 Qaee
1185 2079 1370 2127 carerimsant
1385 2071 1502 2143 querite
1515 2072 1616 2144 (Coloe.
1633 2075 1696 2147 ιιι),
1713 2081 1740 2133 et
1753 2093 1806 2134 aas

95 2159 183 2217 fldem
199 2157 366 2234 gentilium.
380 2160 482 2226 Erant,
496 2156 602 2229 inquit,
618 2158 735 2230 pensiles
745 2158 859 2230 quiderm
884 2174 920 2214 ee
974 2173 1036 2230 quea
1050 2176 1134 2232 saper
1148 2168 1249 2217 terram
1265 2159 1316 2234 (al.
1328 2161 1439 2234 sopite).
1456 2161 1529 2218 Nam
1543 2162 1643 2220 abieci
1660 2165 1808 2225 thesaurus

976 1318 1101 1391 hymnos
1116 1321 1291 1393 composuit,
1307 1326 1336 1378 at
1347 1327 1600 1379 sacramentorum
1617 1325 1813 1397 praeiatioues

975 1413 1060 1464 cuuto
1075 1412 1104 1465 et
1118 1408 1238 1464 elimato
1253 1425 1386 1466 sermons
1412 1411 1542 1467 dictavit.
1573 1411 1686 1469 Sixtus
1717 1420 1813 1472 autem

975 1496 1118 1570 hymnum
1143 1499 1270 1564 Sanciae,
1295 1508 1416 1569 sanctus,
1440 1507 1563 1569 sanctas,
1590 1503 1716 1559 cantari
1745 1519 1812 1561 can·

974 1587 1081 1643 stituit.

94 2249 138 2307 his
151 2250 199 2321 qai
212 2247 391 2305 ascenderant
406 2251 437 2302 ut
451 2246 601 2302 adorarent
615 2248 644 2302 ia
660 2246 705 2302 die
717 2248 798 2318 testo,
820 2246 851 2303 ln·
874 2263 919 2304 ro·
973 2252 1049 2319 tuas,
1060 2249 1101 2303 ibi
1113 2252 1140 2304 et
1154 2266 1201 2306 cor
1216 2249 1407 2323 tiaanildottli.
1422 2249 1470 2323 vr).
1489 2251 1568 2308 uuiti
1586 2253 1717 2325 quidem
1737 2256 1806 2314 dum

92 2342 227 2411 permutat
242 2336 415 2409 Philippum,
431 2336 567 2399 dicentem·
584 2338 710 2407 Domine,
725 2336 851 2393 coturnos
870 2340 918 2394 Je·
975 2353 1024 2393 are
1039 2336 1203 2410 loquuntur
1218 2338 1357 2408 celestia,
1372 2340 1459 2397 corde
1471 2340 1662 2399 meditantur
1679 2349 1806 2416 terream

92 2427 366 2497 tumaiderelloon.
394 2427 456 2494 mr).
484 2425 623 2482 Dicturus
652 2430 751 2482 autem
781 2427 918 2484 sacerdos
974 2427 1081 2499 quibus
1105 2428 1444 2503 Dominusimproparat
1467 2447 1518 2503 per
1537 2431 1806 2505 prophetamn’e

94 2517 255 2576 arationem
276 2514 493 2590 dignissimam,
519 2514 670 2587 premittit
699 2514 917 2587 salutationem,
971 2517 1054 2589 patus
1070 2516 1166 2574 in'eme
1182 2517 1580 2591 laiiishonornt,eorautem
1603 2538 1712 2581 corum
1728 2524 1807 2595 lonps

9 2654 12 2661 .
94 2606 359 2683 optansnostslss
378 2604 511 2661 existere.
541 2621 607 2661 cum
638 2605 746 2677 quihus
775 2605 918 2662 Dominus
973 2608 1274 2679 commodassent).
1293 2608 1709 2683 inqualitatergooratious
1738 2630 1804 2687 psa·

95 2713 214 2756 manera
226 2696 374 2768 dignetur,
390 2693 462 2749 illud
480 2693 633 2750 nobiscum
650 2693 795 2751 celebrare
818 2694 916 2752 convi—
972 2701 1070 2753 catum
1087 2701 1143 2767 est,
1159 2697 1208 2753 sed
1226 2697 1255 2751 in
1271 2696 1328 2753 iste
1344 2697 1519 2770 periculum,
1536 2715 1585 2756 aar
1599 2699 1715 2759 hahere
1730 2702 1804 2758 disi·

93 2785 184 2855 vium,
201 2786 236 2842 sd
253 2784 330 2858 quod
343 2782 448 2840 mulier
463 2782 562 2839 attulit
573 2781 751 2839 alabastrum
762 2783 917 2857 {unguenti
972 2802 1037 2843 sum
1053 2784 1223 2856 aberenei
1239 2802 1272 2842 os
1287 2785 1394 2843 hahere
1409 2787 1568 2844 divisuma
1591 2790 1703 2861 carde;
1733 2808 1801 2850 nam

93 2876 178 2934 nardi
194 2874 290 2948 pistici
308 2871 441 2945 pretiosi,
457 2876 486 2927 at
504 2871 578 2927 illud
593 2871 696 2927 eiludlt
714 2888 803 2944 super
830 2876 918 2946 caput
972 2875 1022 2947 qui
1036 2875 1228 2948 semetipsum
1244 2892 1301 2931 uon
1313 2876 1405 2947 audit,
1422 2876 1800 2949 ncheusillamexaudit,

93 2964 209 3024 Domini
223 2960 420 3020 recumbentis
435 2960 538 3033 tibiali.
556 2959 637 3016 Unde
653 2961 753 3016 statim
779 2962 917 3019 sacerdos
971 2963 1084 3020 Chorus
1098 2979 1166 3036 ergo
1188 2965 1369 3036 respondens
1393 2964 1548 3037 piolltetur
1573 2981 1605 3021 ss
1633 2969 1801 3027 sacerdotis

94 3053 266 3125 subjungit:
283 3053 400 3106 Sursum
428 3049 525 3105 corda.
542 3049 730 3122 Chrorusque
744 3050 916 3123 subjungit:
973 3051 1086 3108 monita
1101 3052 1267 3125 suscepisse
1277 3069 1344 3109 cum
1359 3052 1421 3109 ait:
1437 3054 1572 3110 Habemus
1587 3054 1798 3115 adDamimsm.

96 3143 232 3200 lindemas
246 3140 284 3198 od
299 3138 458 3209 Dominum,
475 3143 507 3194 ut
517 3137 644 3194 Ecclesia
654 3138 730 3195 sicut
742 3101 954 3196 verrimulierC
973 3141 1135 3213 Diligenter
1149 3157 1218 3213 erga
1246 3141 1397 3214 provideat
1413 3158 1501 3199 nacor
1516 3142 1628 3200 hahens
1656 3144 1798 3204 deorsum

94 3230 304 3307 unguentaria,
313 3244 429 3285 sursum
441 3229 477 3284 nd
488 3228 582 3301 ipsam
592 3227 920 3286 l'erliidivinitatemcor
973 3229 1007 3286 sd
1021 3234 1159 3285 seculum
1172 3229 1294 3303 Spiritui
1306 3234 1406 3286 sancto
1415 3230 1624 3288 damnabiliter
1636 3235 1801 3292 mentiatur

92 3320 195 3390 elevat,
211 3319 323 3377 utillud
340 3321 429 3392 caput
443 3316 555 3389 equale
573 3321 628 3373 Deo
643 3316 721 3374 Patri
733 3318 789 3376 ilde
804 3319 917 3376 contin·
973 3318 1115 3374 Sacerdos
1130 3323 1287 3391 postquam
1304 3322 1430 3375 attentos
1452 3319 1581 3377 reddidit
1607 3325 1638 3378 at
1665 3323 1800 3395 devotos,

93 3426 178 3485 gens,
191 3413 342 3485 unguento
363 3406 514 3465 catholice
543 3406 736 3464 confessionis
754 3410 918 3482 perungat,

91 3499 181 3575 Culus
192 3517 264 3559 sane
275 3497 453 3573 preconium
464 3497 796 3571 sacerdosprosequitar
806 3497 917 3554 dicens:

29 3656 33 3661 ,
93 3591 203 3649 Gratias
217 3607 335 3662 caumas
347 3590 461 3646 Domino
475 3589 531 3644 Deo
545 3590 646 3644 nostra.
662 3588 849 3660 Chrorusque
874 3603 918 3644 re·

91 3681 216 3753 spondet
233 3681 375 3753 :Dipnum
390 3682 416 3733 et
425 3679 535 3750 pastum
549 3685 599 3732 est.
616 3676 731 3733 Gratias
742 3676 819 3733 enirn
830 3676 918 3732 debc-

91 3786 159 3825 mus
175 3769 282 3825 referre
298 3765 492 3839 omnipotenti
508 3770 564 3822 Deo
579 3781 631 3837 per
645 3763 795 3820 Christum
819 3763 916 3820 Domi·

92 3875 164 3916 num
182 3860 328 3914 nostrum.
344 3855 503 3913 Credentes
520 3857 548 3909 et
562 3852 735 3909 confitentes
764 3854 840 3924 quod
869 3870 918 3924 per

973 3407 1106 3463 hortatur
1136 3411 1170 3463 ut
1197 3410 1308 3477 pretias
1322 3424 1437 3481 ripoinus
1466 3411 1579 3467 Domino
1607 3411 1661 3468 Deo
1696 3418 1801 3482 nostra

972 3496 1117 3561 Quoniam
1133 3495 1196 3569 ipse
1211 3499 1255 3553 cst
1269 3496 1358 3568 Deus,
1374 3496 1402 3552 id
1419 3501 1464 3554 est
1478 3499 1606 3567 Creator,
1619 3499 1683 3574 ipss
1694 3507 1802 3560 cattia·

972 3586 1081 3654 minus,
1099 3585 1129 3642 id
1144 3590 1190 3641 est
1204 3585 1395 3657 Redemptor,
1410 3585 1473 3658 ipse
1487 3585 1564 3642 enim
1581 3593 1626 3644 cst
1638 3595 1742 3647 noster
1754 3591 1802 3648 Ja-

972 3691 1034 3742 sus,
1053 3675 1080 3730 id
1098 3679 1143 3731 eat
1158 3674 1800 3749 Salvator.Tunceritverissimenoster,cum

972 3763 1027 3821 erit
1042 3764 1139 3821 omnia
1155 3764 1184 3818 in
1196 3763 1344 3833 omnibus,
1359 3764 1386 3819 id
1404 3769 1459 3835 ast,
1475 3765 1652 3824 sufficientia
1667 3768 1800 3843 singula·

972 3870 1050 3921 rum,
1063 3853 1202 3925 quoniam
1220 3852 1283 3925 ipse
1293 3857 1340 3909 ast
1355 3853 1492 3927 Deusqui
1503 3855 1540 3912 de
1551 3854 1644 3913 nihilo
1654 3874 1710 3914 nus
1720 3874 1798 3916 crea·

90 3948 182 4022 ipsum
197 3948 367 4019 majestatem
382 3945 441 4015 ejas
453 3942 568 3999 madent
579 3941 683 4014 capeti,
696 3941 816 3997 adorant
828 3941 918 3998 domi·

89 4037 225 4109 nationes,
240 4036 361 4092 trerriunt
376 4035 531 4107 potestates.
549 4030 696 4086 Nimirum
708 4029 764 4086 hoc
776 4029 917 4086 Divinita·
971 4031 1036 4096 mit,
1051 4031 1114 4105 ipse
1129 4035 1175 4088 est
1190 4034 1299 4099 noster,
1316 4031 1366 4103 qui
1383 4032 1429 4088 sui
1448 4049 1569 4089 munere
1584 4051 1639 4092 nos
1663 4035 1799 4095 navavit.

88 4114 129 4184 tis
144 4142 285 4183 arcanum
302 4125 367 4197 ejus
383 4126 568 4196 unguentum
585 4119 746 4188 effundere,
774 4119 851 4192 quod
883 4136 917 4176 ex
970 4121 1024 4186 Qui
1040 4121 1167 4178 creando
1182 4120 1269 4176 nobis
1286 4121 1367 4177 dedit
1383 4126 1530 4193 naturam,
1548 4125 1598 4195 qui
1625 4125 1799 4183 redimendo

8 4234 13 4243 ’
89 4214 250 4290 euangelici
266 4213 408 4288 pigmenti
424 4209 555 4269 medulla
579 4208 708 4266 Jcannes
736 4207 916 4283 evangelista
970 4210 1052 4267 dedit
1064 4210 1197 4282 gratiam,
1209 4214 1237 4266 at
1248 4209 1388 4267 salvando
1399 4211 1673 4284 conieretgloriam.
1686 4213 1799 4271 Charus

89 4303 232 4361 coniecit:
249 4302 432 4375 lnprincipia
447 4300 684 4365 eratl'ertum,et
717 4300 831 4355 Verium
858 4300 917 4355 erat
969 4317 1098 4372 namque
1113 4300 1293 4372 respondens
1307 4300 1469 4358 sacerdotis
1483 4301 1604 4358 verbum
1621 4303 1801 4376 approbatst

89 4391 163 4466 apud
177 4393 275 4463 Deum,
290 4395 315 4447 et
329 4392 474 4447 Desierat
504 4388 627 4446 Verium.
643 4388 742 4445 Omnia
756 4404 806 4457 per
824 4389 916 4460 ipsam
971 4389 1108 4446 aitlrmat.
1125 4389 1256 4460 Dimum,
1270 4389 1377 4461 inquit,
1393 4392 1534 4461 etinctum
1548 4391 1740 4466 eatDignum
1757 4396 1801 4452 ast

87 4483 162 4552 sactu
176 4488 249 4550 sant,
265 4481 366 4536 etatae
381 4480 440 4551 ipsa
466 4479 570 4548 [neam
599 4486 639 4535 est
664 4476 738 4533 nihil
765 4478 855 4550 (ioan.
885 4481 913 4549 1).
930 4466 954 4532 D
970 4483 1113 4551 quantum
1124 4478 1159 4536 ad
1176 4479 1345 4548 Dominum,
1357 4479 1426 4552 quia
1439 4480 1501 4553 ipsa
1509 4485 1554 4538 est
1565 4481 1713 4539 Dominus
1721 4487 1800 4541 Dans

88 4573 147 4627 llos
161 4585 252 4627 sacre
265 4567 462 4625 contessionis
475 4566 667 4640 preconium,
683 4566 723 4622 ita
738 4570 816 4623 recte
843 4582 914 4624 cou-
969 4568 1202 4639 noster,juslum
1215 4569 1271 4628 ast.
1284 4572 1428 4638 quantum
1439 4570 1474 4627 ad
1484 4586 1549 4639 nos,
1561 4570 1688 4643 quianos
1702 4588 1801 4630 samaa

88 4658 182 4717 cludit
197 4659 337 4730 Ecclesia,
354 4665 466 4716 utcum
482 4659 594 4733 augelis
609 4663 638 4715 et
665 4656 838 4714 haminibus
862 4657 914 4712 da·
967 4657 1084 4730 papatus
1098 4657 1284 4728 elesmaram
1297 4672 1406 4730 pascue
1420 4657 1478 4729 ejas
1493 4657 1584 4730 (Psoi.
1613 4671 1701 4730 sarx).
1735 4662 1801 4719 Vera

87 4752 186 4805 cantet
210 4749 288 4805 hunc
316 4749 412 4806 devoti
439 4747 567 4821 pectoris
597 4748 760 4822 hymnum:
787 4746 912 4815 Sanctus,
969 4745 1085 4815 dionem
1100 4745 1240 4817 etjaatam
1255 4749 1308 4815 est,
1332 4761 1443 4820 eorsum
1457 4750 1484 4803 et
1511 4747 1643 4816 solutore,
1671 4763 1722 4806 nas
1746 4750 1801 4808 rem

85 4846 208 4910 sanctus,
225 4843 346 4909 sanctus,
360 4859 367 4907 ;
383 4839 476 4894 cratia
492 4838 559 4909 ista,
582 4835 627 4893 val
652 4837 780 4909 hymnus
806 4835 913 4908 partim
968 4833 1244 4906 temperantique,
1260 4838 1316 4890 etc.
1332 4834 1461 4906 Dipnam,
1478 4835 1547 4909 quia
1563 4853 1617 4893 nos
1645 4852 1730 4895 mara
1746 4854 1801 4897 vo·

88 4926 273 5002 angelorum,
289 4927 396 5001 partim
413 4926 568 4983 hominum
583 4926 671 4981 verbs
699 4922 912 4996 complectitur.
969 4924 1081 4980 luctata
1097 4923 1190 4979 iecisti
1205 4940 1212 4991 ;
1227 4924 1341 4995 iustam,
1357 4924 1425 4994 quia
1440 4941 1493 4980 uos
1507 4941 1580 4997 pura
1595 4925 1801 4987 misericordia

87 5015 207 5091 Legitur
221 5017 298 5073 euim
313 5017 342 5072 in
358 5017 444 5087 lsaia,
469 5015 547 5089 quod
576 5014 717 5086 seraphim
744 5013 913 5081 clamabant,
969 5011 1119 5068 redemisti
1131 5031 1139 5080 ;
1153 5026 1277 5084 eonem,
1293 5011 1364 5084 quia
1378 5014 1505 5084 gratuito
1518 5013 1743 5085 noejustiilaas3
1755 5034 1799 5074 aa·

88 5107 160 5161 olter
178 5106 213 5161 od
227 5106 358 5174 alimum,
369 5114 394 5162 et
406 5105 554 5161 dicebant:
569 5104 696 5174 Sanctus,
712 5107 833 5172 cuneus,
849 5117 914 5158 son·
975 5103 1076 5170 latore,
1093 5100 1163 5174 quia
1178 5117 1232 5157 nas
1247 5104 1388 5173 perpetuo
1403 5100 1550 5173 glorificas
1565 5121 1571 5172 ;
1587 5118 1671 5177 opere
1685 5106 1800 5175 oratius

87 5196 141 5262 tas,
170 5195 303 5252 Dominus
331 5196 403 5252 Deos
428 5193 621 5252 exercituum:
651 5193 732 5266 pleno
761 5200 802 5248 eet
824 5192 915 5247 omnis
969 5190 1033 5256 tili,
1049 5191 1166 5247 Domine
1177 5193 1281 5255 sonae,
1297 5189 1408 5262 ubique,
1426 5191 1509 5246 Pater
1522 5191 1702 5265 omnipotens,
1727 5210 1801 5252 aem·

86 5285 496 5358 terraploriaeies(lsa.v1).
515 5281 806 5356 Legiturquoquein
823 5282 914 5337 Evsn·
968 5277 1351 5353 per‚ssternaDeus.Unds
1370 5280 1543 5353 psalmista:
1570 5283 1601 5338 ln
1630 5282 1708 5339 omni
1737 5284 1801 5343 laco

87 5370 174 5442 gallo,
190 5372 266 5444 quod
279 5374 328 5444 oui
337 5375 478 5446 preibant
492 5375 517 5428 et
531 5371 729 5443 sequebantur,
754 5370 915 5427 clamabant
970 5367 1174 5426 dominationis
1187 5368 1250 5439 rjus
1265 5367 1376 5425 benedic
1386 5368 1483 5426 animo
1496 5385 1559 5425 meo
1578 5370 1693 5429 Domino
1709 5373 1798 5445 (Psoi.

85 5458 217 5517 dicentes:
234 5464 365 5519 flassano
379 5464 453 5520 Filio
482 5461 589 5518 Dauid!
603 5459 766 5518 Benedictus
793 5459 841 5531 qui
869 5476 914 5517 ue·
969 5458 1035 5532 cu);
1054 5461 1084 5514 et
1097 5456 1205 5514 iterum
1223 5475 1230 5515 ε
1245 5458 1411 5515 benedicam
1424 5460 1572 5516 Dominam
1586 5461 1617 5518 in
1634 5460 1712 5517 omni
1726 5469 1797 5519 tarn·

83 5549 128 5607 nit
154 5550 185 5605 in
212 5551 324 5607 nomine
360 5552 494 5610 Domini!
529 5551 661 5607 Daaonna
694 5549 725 5605 ia
750 5548 915 5606 attestaris!
966 5562 1045 5622 pore,
1058 5562 1168 5620 semiper
1182 5545 1797 5626 lameiaainoremeoil’sai.xm11).t’er

970 3943 1021 4013 vit,
1039 3943 1101 4017 ipse
1117 3945 1163 3998 est
1176 3942 1332 4008 Dominus,
1345 3942 1396 4015 qui
1410 3942 1554 4017 sanguiue
1569 3961 1694 4003 suanus
1715 3949 1799 4005 rsds-
