3796 5986
627 160 1033 298 ELENCHUS

39 430 308 507 -ttlcionttttt
327 425 385 500 ΕΤ
402 421 598 497 optauit
623 419 701 502 otlt
727 417 772 490 ΙΙΙ
797 417 892 490 ttoc
914 417 1049 490 totto
1073 417 1232 492 ccxvii
1257 417 1599 492 cortittttttttltt

682 605 937 645 -OOO-

453 796 709 863 LNNOCENTIUS
729 795 768 858 ΙΙΙ
790 795 980 860 Ponticuli
1004 795 1188 861 ROMANUS

21 989 266 1064 supptementum
281 984 319 1042 ad
333 979 459 1056 Regesta
473 976 636 1038 innocentii
655 973 695 1035 lll

20 1067 186 1130 Innocentii
201 1061 241 1122 ΙΙΙ
254 1060 423 1122 Sermones.

100 1184 251 1268 opusculo
268 1202 277 1245 :

19 1291 160 1371 Dialogus
175 1296 252 1352 inter
266 1289 362 1351 Deum
377 1297 406 1349 et
420 1296 611 1363 peccatorem.

18 1371 62 1437 tte
75 1381 249 1448 contemptu
264 1370 377 1429 mundi.

18 1451 152 1513 Libellus
167 1454 202 1511 de
217 1454 416 1524 eleemosyna.

19 1530 198 1594 Eucominm
213 1531 378 1590 charitatis.

20 1609 63 1672 be
76 1613 224 1672 sacrificio
240 1611 348 1668 missae.

103 1732 270 1796 Dubiornm
291 1728 474 1811 appendix:

18 1837 273 1901 Commentariun]
290 1841 319 1897 in
335 1846 447 1911 septem
464 1835 594 1911 psalmos
608 1835 835 1906 poenitentiales.
949 1838 951 1842 ’

3 1916 135 1995 -Regula
150 1922 266 1979 ordinis
280 1916 311 1978 S.
329 1916 457 2055 Spiritus
471 1918 507 1974 de
522 1913 621 1974 Saxia.

17 1995 131 2059 Tabula
143 2000 340 2075 epistolarum
370 1996 521 2055 innocentii
536 1991 576 2052 ΙΙΙ
591 1995 752 2054 secundum
768 1993 895 2052 litteram
910 1993 1054 2051 initialem
1070 1993 1193 2068 digesta.

553 2182 1081 2220 ’ψ’-

655 2405 993 2516 uitiosus

18 2634 76 2702 Ab
96 2637 296 2703 ΟΡΙῚΜΙΙΜ
319 2637 554 2701 LECTOREM
575 2633 855 2698 corbolicum
875 2633 930 2696 AC
950 2632 1107 2696 TO'l'lUS
1127 2632 1421 2697 Pxxnotoutm
1440 2633 1618 2696 LATINAE

15 2732 19 2739 ’
699 2737 944 2802 concuusto

1 2986 3 2991 .
58 2929 217 2991 Volumina
245 2933 313 3005 isto,
338 2931 417 3005 quod
444 2930 640 2988 ducentorum
663 2928 873 3002 septemdecim
899 2934 1049 2987 tomorum
1078 2942 1236 2986 numerum
1268 2927 1405 3001 absolvit,
1434 2924 1617 3008 Poirolopiae

17 3010 146 3084 Latinio,
170 3009 222 3069 Dei
238 3011 449 3084 omnipotentis
462 3009 575 3068 auxilio
590 3014 731 3083 perpetuo
745 3008 850 3082 adjuti,
869 3007 960 3065 linem
974 3008 1169 3082 imponimus.

56 3087 125 3151 llaec
147 3092 265 3165 quidem
290 3086 467 3166 Potroiogic
489 3085 611 3160 Latino,
638 3090 676 3146 ab
698 3103 760 3146 aevo
783 3088 948 3162 apostolico
972 3090 1126 3148 exordium
1148 3100 1281 3159 sumens,
1308 3088 1346 3147 ad
1374 3093 1499 3146 mortem
1525 3085 1615 3147 lnno-

16 3169 107 3233 cantii
120 3165 171 3241 ΙΙΙ,
187 3171 286 3238 idest,
302 3185 416 3228 annum
433 3165 520 3241 teto,
538 3169 734 3240 protenditur.

56 3244 162 3309 Varios
180 3244 296 3307 ludices
315 3250 354 3308 ad
372 3251 483 3307 calcem
507 3247 632 3321 bujusce
651 3245 746 3305 ultimi
768 3245 841 3304 tomi
860 3261 1010 3320 apponere
1029 3248 1158 3321 primum
1178 3249 1454 3309 constitueramus:
1476 3249 1528 3306 sed
1546 3263 1614 3306 cum

15 3328 54 3389 ils
75 3328 194 3398 tabulis.
220 3344 296 3401 quas
317 3328 399 3401 prelo
419 3334 535 3400 paratas
555 3327 748 3397 habebamus,
769 3325 821 3383 alii
841 3340 901 3383 non
920 3328 1007 3399 pauci
1031 3322 1157 3401 ludices,
1178 3329 1301 3387 anobis
1324 3327 1495 3398 excogitati,
1520 3329 1613 3385 lecto-

17 3423 84 3469 rum
103 3408 222 3482 quidem
237 3409 275 3465 ad
290 3408 431 3482 maiorem
451 3406 701 3476 commoditatem,
724 3404 792 3463 dein
811 3407 961 3464 turmatim
981 3410 1186 3480 accessissent,
1208 3423 1313 3467 ornnes
1330 3406 1419 3465 simul
1439 3408 1470 3464 in
1487 3415 1615 3479 quatuor

17 3487 161 3561 speciales
187 3496 285 3545 tomos
312 3502 455 3562 seponere
482 3487 653 3544 statuimus.
683 3480 720 3542 Hi
753 3500 823 3543 vero
851 3479 976 3554 ludices,
1007 3501 1068 3545 non
1094 3495 1210 3546 tantum
1242 3489 1364 3561 scripta.
1399 3486 1452 3544 sed
1479 3493 1614 3544 auctores

17 3566 212 3642 alpbabetice,
239 3567 457 3640 chronologice,
483 3567 635 3639 stetistioc,
661 3564 837 3639 syntbetice,
861 3565 1017 3640 analytice,
1043 3567 1205 3641 analogice,
1230 3567 1334 3642 logice,
1363 3573 1433 3639 ete,
1463 3567 1614 3624 ordinatos

19 3646 201 3707 exhibebunt
214 3661 249 3703 ac
264 3645 351 3719 plane
365 3646 567 3718 explicabunt.

56 3720 101 3783 Ex
123 3725 174 3783 illa
194 3732 292 3783 autem
316 3725 483 3783 tabularum
506 3725 593 3794 serie,
618 3737 745 3796 quarum
764 3737 908 3781 numerus
931 3723 1010 3781 ultra
1027 3734 1146 3784 centum
1166 3732 1288 3798 crescet,
1315 3723 1445 3784 materiis
1468 3731 1496 3781 et
1518 3740 1611 3798 argu-

14 3804 123 3864 mentis
146 3804 201 3862 sub
229 3805 400 3863 omnimoda
423 3805 497 3862 iacie
519 3803 744 3877 apparentibus,
766 3802 867 3861 lectori
886 3803 1020 3871 cuilibet,
1042 3819 1101 3863 non
1123 3813 1237 3863 tantum
1256 3801 1443 3874 DoctoribuS,
1469 3810 1497 3860 et
1516 3804 1613 3861 studio

15 3898 168 3947 sacrarum
192 3884 358 3941 litterarum
375 3885 446 3941 viris
465 3885 512 3941 die
530 3899 565 3940 ac
586 3889 669 3940 nocte
692 3883 946 3961 incumbentibus,
971 3884 1022 3941 sed
1045 3890 1074 3940 et
1096 3887 1202 3958 cuique
1217 3887 1353 3943 maximis
1370 3883 1614 3957 occupationibus

13 3962 178 4038 implicato,
201 3964 253 4020 sed
272 3971 302 4020 et
321 3965 448 4035 indocto,
470 3963 515 4021 vel
534 3964 681 4033 imperito,
704 3961 749 4019 vel
773 3962 933 4034 inerudito,
953 3964 999 4021 vel
1018 3963 1108 4020 etiam
1127 3966 1232 4038 ignaro
1250 3972 1277 4022 et
1296 3966 1414 4023 demum
1441 3964 1471 4020 in
1495 3964 1614 4036 pigritia

12 4042 138 4116 sepulto,
156 4042 315 4101 facillimus
329 4051 357 4101 et
371 4044 555 4102 certissimus
568 4043 606 4100 ad
620 4037 673 4099 SS.
691 4037 813 4099 Patrum
828 4042 961 4099 studium
976 4049 1005 4100 et
1019 4042 1258 4116 disquisitionem
1273 4045 1371 4101 aditus
1386 4044 1464 4116 large
1479 4043 1603 4114 patebit.

51 4117 161 4180 Verum
184 4123 264 4180 enim
293 4138 362 4181 vero
391 4138 515 4195 magnus
542 4121 744 4194 solemnisque
772 4121 804 4177 in
832 4121 929 4179 ironte
958 4122 1193 4195 uniuscujusque
1217 4130 1388 4181 nostrorum
1413 4122 1608 4191 voluminum,

11 4214 67 4260 nec
89 4215 152 4258 non
176 4210 205 4259 et
229 4202 379 4260 variorum
404 4209 667 4277 prograntmatum,
693 4200 803 4273 quibus
827 4215 904 4258 nova
927 4215 1016 4271 opera
1040 4202 1315 4272 praenuntiabantur
1334 4202 1471 4275 praelians
1492 4201 1609 4270 titulus,

10 4278 86 4343 duos
104 4275 219 4338 Indices
239 4289 366 4351 tantum,
387 4283 567 4356 atxaltticum
586 4281 700 4339 scilicet
718 4287 748 4336 et
766 4279 1002 4352 scripturarinm,
1024 4294 1076 4337 seu
1094 4277 1253 4355 Scriptura
1272 4297 1374 4355 sacrae,
1396 4295 1509 4351 omnes,
1527 4280 1611 4353 qnia

11 4359 138 4434 singulis
153 4355 291 4418 Patribus
303 4363 511 4434 explanantur,
529 4360 693 4420 versiculos
706 4361 938 4433 amplexantem,
955 4359 1161 4433 pollicebatur.

50 4433 107 4498 Ast
130 4438 246 4512 majora
268 4455 367 4499 creare
390 4449 419 4498 et
440 4441 566 4499 condere
594 4439 750 4512 pollentes,
780 4438 892 4511 maiora
918 4441 1084 4498 condamus
1107 4447 1135 4497 et
1158 4441 1326 4498 creabimus
1352 4461 1359 4496 :
1385 4452 1515 4510 namque
1539 4435 1611 4494 illud

10 4532 87 4592 opus
111 4517 197 4653 nob?
220 4518 423 4577 laborantibus
446 4520 543 4597 cilicio
566 4528 611 4578 est
623 4533 702 4598 ‚erga
723 4518 839 4600 elerum
861 4519 1063 4591 catholicum
1092 4526 1122 4576 et
1145 4520 1264 4577 tandem
1287 4519 1388 4577 labore
1411 4517 1531 4586 iunctis,
1556 4516 1613 4573 erit

14 4597 155 4658 maxime
180 4597 311 4656 elicitati.
570 4588 680 4673 33·:···.=
721 4598 732 4646 ἵ
755 4599 804 4655 ····‘
828 4611 838 4659 :
948 4587 1085 4673 ξξξ,ἓ;”ῖ

49 4671 121 4746 Quae
142 4691 210 4734 cum
231 4678 271 4734 ita
293 4679 362 4748 sint,
383 4671 629 4749 optimelector:
643 4663 1088 4748 banmimmdxidm·ardtmtit',
1110 4677 1299 4750 omnigenam
1320 4676 1467 4733 librorum
1490 4674 1611 4745 molem,

8 4754 68 4816 boo
96 4759 328 4815 monumentum
355 4771 414 4816 tare
445 4757 624 4842 perennius,
654 4757 903 4814 consummationi
937 4757 1022 4831 cujus
1055 4771 1143 4815 nemo
1167 4758 1286 4815 credere
1318 4755 1454 4825 audebat,
1493 4754 1615 4811 tandem

8 4835 171 4909 exegimus,
199 4841 228 4894 et
247 4837 323 4895 banc
341 4831 527 4917 exercituin}
540 4833 591 4919 ΟΙιῐξ
603 4824 825 4918 apit'diciamul
840 4843 983 4921 gmtmmg
997 4851 1162 4918 :scaporum
1190 4838 1367 4910 scriptorum
1390 4842 1419 4893 et
1441 4839 1610 4905 auctorum,

10 4915 169 4973 maximam
188 4917 323 4974 omnium
342 4904 646 4990 quas-mommolus:
660 4909 960 4995 pernoctationem
971 4920 1147 4983 terrarum:
1157 4917 1195 4973 ab
1223 4916 1345 4974 exordio
1369 4929 1434 4984 suo,
1460 4928 1554 4987 usque
1578 4914 1616 4971 ad

8 4993 86 5053 batto
109 4995 188 5053 diem
207 4996 339 5065 ediderit,
361 5011 480 5053 summa
500 4995 556 5053 lide
574 5001 603 5053 et
616 5010 669 5068 spe
687 4993 760 5065 nixi,
781 4994 860 5053 intra
878 4982 1048 5066 nonnullos,
1069 4990 1100 5053 i'u
1117 4990 1163 5054 'est
1183 5011 1288 5054 nouem
1303 5011 1411 5067 annos,
1428 4992 1460 5053 in
1474 4993 1572 5052 lucem
1587 4999 1616 5050 et

9 5087 62 5149 per
76 5076 250 5133 universum
267 5074 412 5134 mundum
427 5070 630 5133 Christianum
647 5074 836 5148 protulimus.
853 5069 909 5134 Sed
926 5076 987 5133 baec
1002 5089 1106 5149 pauca.

3 5198 11 5213 .
48 5147 133 5212 Nunc
155 5161 252 5212 autern
277 5152 484 5232 Pnirolopicm
510 5150 646 5213 Groecnm
659 5155 859 5226 aggredimur.
880 5150 965 5212 Hanc
988 5154 1107 5228 quidem
1130 5149 1236 5212 Latina
1258 5153 1425 5212 breviorem
1457 5150 1614 5226 perrapide

8 5229 202 5300 elaboratam,
226 5234 392 5293 absolutam
417 5241 446 5291 et
467 5234 628 5305 perlectam
654 5234 715 5292 iore
738 5248 826 5292 nemo
849 5233 990 5293 dubitet:
1018 5235 1068 5307 qui
1089 5234 1201 5307 majora
1218 5235 1379 5306 expedivit,
1402 5233 1517 5291 minora
1535 5238 1615 5289 certe

2 5310 160 5386 'expediet3
185 5316 341 5383 praeteritis
360 5314 439 5373 enim
458 5313 600 5387 operibus
620 5313 714 5386 plane,
738 5313 833 5386 palam
852 5314 948 5372 oculis
966 5313 1101 5371 omnium
1121 5314 1301 5388 patentibus,
1323 5314 1432 5384 lutura,
1453 5326 1521 5370 cum
1535 5310 1614 5369 botta

7 5396 133 5451 atcerte
152 5407 214 5464 spe,
238 5395 337 5450 omnis
356 5396 446 5451 totius
465 5394 547 5452 orbis
565 5393 703 5451 catholici
726 5394 835 5466 clerus,
859 5408 1012 5453 sacrarum
1034 5393 1201 5452 litterarum
1223 5394 1387 5466 studiosus,
1412 5391 1610 5466 exspectabit3

8 5482 91 5543 aaut,
108 5467 146 5532 ab
159 5470 230 5532 actu
243 5470 284 5531 od
295 5487 382 5550 posse
396 5469 508 5533 nolebat
522 5470 703 5533 consecutio.
