3796 5986
733 197 941 259 innocuum
960 197 999 253 111
1017 195 1131 251 PAPAE·
1741 190 1791 251 itte

81 346 114 399 do
125 335 249 412 mysticis
263 334 357 401 dones,
373 349 434 407 quae
448 330 592 389 Gentilitas
622 327 734 386 ctristo
749 321 897 398 praemisit.
913 317 1010 387 Aald,
1027 320 1053 373 et
1068 316 1263 374 motianriosn
1280 317 1433 375 Jerusalem
1445 319 1474 375 isi
1493 317 1675 377 citationem
1697 332 1790 385 peeca-

116 429 196 486 Licet
209 431 306 482 autem
323 423 453 480 Ecclesia
468 423 530 478 viro
546 436 600 477 suo
617 419 716 477 dotem
741 431 799 472 non
813 411 904 468 dede·
960 406 1074 474 rariner
1087 410 1275 464 menstruam.
1290 406 1411 481 Propter
1421 407 1500 481 quod
1514 413 1543 464 et
1558 406 1680 464 Veritas
1697 407 1792 480 inquit
1830 458 1834 473 ,

81 518 130 584 rit,
145 515 195 574 sed
212 513 399 572 donationem
417 513 453 568 ab
469 512 533 585 ipso
549 507 701 583 receperit,
718 521 770 578 per
786 500 905 560 nuntios
961 496 991 552 iu
1008 495 1647 570 Evangelio:'Nisiquisrenatussueritee
1667 505 1791 571 aquc‚el
1833 544 1836 557 .

82 613 180 665 tamem
195 605 328 674 idonens,
343 602 421 659 viros
437 603 536 676 utique
552 598 675 665 nobiles,
691 600 720 653 ct
736 593 907 668 prudentes,
962 586 1069 660 Spiritu
1092 586 1411 656 Sancto,nonintradit
1436 589 1465 644 in
1494 604 1618 663 regnum
1647 589 1790 646 coelorun.
1835 626 1837 651 ,

84 696 220 771 quedam
230 710 290 752 eure
306 691 473 751 dilectionis
485 687 686 749 siderationis
697 684 821 758 mystica
831 683 909 738 dona
963 676 1019 734 Sed
1044 677 1055 712 ⁸
1079 677 1133 746 Qui
1160 676 1319 749 crediderit,
1347 687 1373 736 ot
1402 678 1557 753 baptisatus
1579 678 1689 753 suerit,
1704 679 1792 738 saluas

83 784 236 861 premisit,
251 783 370 857 quando
384 781 535 856 gentilitas
548 784 647 853 liugos
661 779 698 836 ab
720 776 837 834 Oriente
859 770 909 827 ie·
963 765 1029 823 erit.

85 874 265 949 resolymam
280 872 438 930 destinavit
450 874 624 944 querentes,
640 869 663 906 0⁸
677 866 804 925 Ubinam
819 861 909 925 esset,
1270 858 1310 914 lie
1325 858 1477 930 Unqmto.

86 965 138 1040 qui
154 968 241 1023 natus
256 967 319 1020 erat
332 958 744 1020 Rexiudeeorum‘liiiderunt
754 952 832 1011 enim
844 947 910 1006 stel-
1001 944 1041 1002 De
1057 948 1208 1019 unguento
1221 950 1334 1019 Sponsa
1348 947 1421 1005 dicit
1434 949 1470 1005 ad
1485 948 1640 1022 Sponsum
1654 948 1688 1006 in
1705 948 1796 1007 Canii

87 1055 147 1114 lam
163 1054 228 1128 ejus
242 1054 272 1110 ln
288 1051 417 1122 Oriente,
432 1052 519 1123 cujus
537 1049 622 1122 signe
648 1043 866 1122 processerunt,
881 1041 910 1095 et
966 1033 1008 1090 ais
1023 1034 1055 1091 ⁸:
1073 1035 1221 1093 Curremsu
1243 1035 1273 1092 in
1288 1036 1400 1095 odorem
1428 1046 1638 1110 ananenrornm
1667 1045 1794 1098 raom.

87 1144 283 1210 invenerunt3
299 1141 533 1214 prociderunt,et
543 1139 748 1197 adoraverunt.
764 1134 797 1189 Et
805 1129 910 1204 apertis
965 1120 1120 1196 Unguenta
1134 1130 1205 1181 flunt
1218 1124 1347 1198 Spiritui
1362 1127 1642 1196 ⁸⁸⁰0210brl⁸m¹ils
1653 1144 1726 1201 (1⁰³
1735 1145 1797 1186 ⁰⁰¹¹·

87 1232 224 1291 stemma
237 1232 306 1300 suis,
322 1230 480 1288 obtulerunt
493 1231 520 1286 ei
533 1242 782 1297 monendomum,
799 1221 872 1286 ttae,
886 1226 912 1276 et
967 1212 1107 1271 liniuntur
1121 1231 1153 1271 en
1169 1213 1228 1272 illis
1244 1215 1413 1288 pigmentis,
1425 1233 1489 1290 quie
1504 1218 1598 1275 Isaiae
1608 1234 1797 1276 commemo·

88 1321 245 1398 mareiam.
262 1325 376 1378 Aurum
392 1321 452 1392 regi
465 1336 472 1375 :
487 1319 569 1375 Thus
584 1314 748 1379 sacerdoti:
764 1309 911 1384 liprrham
967 1308 1022 1373 rut,
1038 1304 1159 1361 dicens:
1175 1304 1186 1341 ⁸
1200 1305 1353 1379 licquieseit
1367 1322 1527 1380 supereum
1542 1309 1664 1381 spiritus
1685 1307 1796 1380 snpien-

89 1410 217 1472 mcrtali.
232 1410 315 1467 Tunc
330 1411 416 1483 erepit
431 1408 547 1481 impleri
561 1406 733 1463 vaticinium
753 1401 913 1473 Propheta·
968 1391 1025 1463 tire,
1040 1401 1066 1450 et
1093 1391 1265 1464 intellectus,
1280 1394 1397 1466 spiritns
1425 1396 1548 1468 consilii,
1562 1400 1588 1455 et
1602 1399 1797 1472 laditudinem,

90 1496 494 1570 centumcellensium
517 1497 620 1554 insule
639 1509 756 1550 munera
777 1491 910 1564 offerent:
967 1481 1083 1556 illiniti
1096 1483 1233 1553 limis&
1247 1488 1274 1540 ⁶²
1286 1486 1412 1558 l’l'ssissii'is
1428 1489 1454 1544 ⁶²
1468 1488 1585 1561 '‘liiii''
1600 1503 1669 1545 Μ
1683 1489 1800 1561 *Μ’*

91 1587 356 1664 munerabundi
380 1586 452 1644 Sada
470 1585 542 1644 dona
562 1584 709 1642 adducent.
721 1584 743 1619 ’Ἰ
760 1570 859 1639 Omnes
880 1575 915 1633 de
969 1574 1080 1630 timoris
1105 1574 1225 1631 Domini.
1239 1578 1306 1632 linc
1332 1579 1404 1633 sunt
1427 1580 1560 1635 ammata
1586 1577 1759 1652 'mgr-rte,
1772 1586 1798 1634 et

91 1682 475 1752 neminemneminer
493 1678 558 1735 itur
582 1677 741 1750 deserentes,
757 1679 783 1732 et
805 1671 913 1730 landem
928 1698 954 1767 B
969 1662 1069 1730 thurii·
1084 1668 1110 1721 di
1127 1664 1254 1722 “diverti
1279 1665 1401 1738 volverit
1427 1668 1623 1740 elementarii.
1640 1667 1797 1741 linguent·

92 1770 208 1830 „mino
222 1771 432 1839 ,numiam
970 1752 1026 1808 ista
1055 1751 1197 1824 redolent,
1217 1756 1245 1810 et
1273 1754 1471 1829 impinguant.
1491 1757 1639 1815 Redolent
1667 1758 1798 1815 exterius

128 1855 166 1911 Ee
178 1849 330 1924 multiplici
343 1849 429 1919 cultu,
445 1864 525 1922 quern
534 1862 642 1919 sponsae
651 1841 913 1919 sponsusadtituit.
969 1838 1056 1896 hilari
1073 1846 1159 1912 tama,
1171 1843 1357 1917 impinguant
1384 1845 1507 1903 interius
1523 1846 1674 1920 spirituali
1689 1846 1796 1904 letitia

129 1942 264 2000 chriatus
278 1931 379 2012 itaque
390 1954 449 1995 non
464 1953 499 1995 ex
513 1936 630 2008 merito,
641 1936 692 1994 sed
708 1953 742 1992 ex
753 1928 915 2008 gratiasibi
970 1935 1091 2003 Propter
1104 1931 1227 1990 hilarem
1243 1935 1351 1992 lamam
1378 1935 1451 1993 dicit
1470 1935 1649 2010 Apostolus:
1664 1936 1676 1974 ⁸
1693 1937 1799 1996 Christi

93 2029 281 2104 desponsavit
293 2025 464 2094 Ecclesiam,
475 2043 565 2098 quam
574 2025 654 2094 lavit,
670 2031 699 2082 et
714 2024 798 2082 unxit
809 2039 817 2092 ;
828 2036 917 2079 orne·
972 2020 1059 2077 donus
1074 2021 1141 2079 odor
1153 2038 1249 2079 snmus
1268 2024 1297 2080 in
1311 2026 1389 2081 omni
1402 2025 1469 2095 loco,
1482 2031 1527 2083 et:
1542 2027 1553 2063 ⁰
1567 2026 1669 2084 aonia
1681 2025 1798 2101 impleta

93 2120 147 2189 vit,
159 2123 189 2177 et
200 2117 356 2176 decoravit.
369 2115 415 2172 Sic
427 2133 476 2187 per
486 2115 666 2172 Ezechielem
676 2112 851 2187 Prophetam
861 2111 916 2167 sub
971 2112 1009 2166 est
1023 2127 1059 2165 ec
1069 2110 1151 2168 odore
1161 2114 1306 2182 unquenti.
1317 2117 1439 2186 Propter
1449 2114 1637 2188 spiritualem
1649 2114 1794 2184 laetitiam,

97 2213 166 2284 typo
188 2210 351 2283 Synsgogn
375 2206 574 2264 describitur:
589 2206 612 2247 '⁸
623 2207 731 2264 iuravit
745 2204 807 2268 titi,
821 2210 847 2260 et
865 2200 916 2257 in·
972 2198 1231 2270 inquitPsalmista
1244 2220 1251 2258 :
1262 2202 1284 2240 ¹·
1295 2204 1516 2276 lmpinquastiin
1526 2206 1681 2279 oteocaput
1696 2222 1800 2275 means,

95 2315 204 2371 pressus
228 2314 290 2355 sam
310 2306 421 2372 pactam
447 2304 555 2352 tecam:
570 2299 613 2353 ait
627 2296 760 2352 Dominus
787 2293 876 2349 Dens:
892 2296 920 2346 et
973 2292 1001 2345 et
1013 2305 1020 2344 ε
1033 2288 1054 2325 ¹¹
1065 2287 1143 2346 Sirra
1152 2289 1234 2363 adipe
1247 2299 1273 2349 et
1281 2292 1453 2364 pinguedine
1466 2294 1609 2366 repleatur
1619 2296 1722 2352 anima
1731 2311 1800 2352 mes.

96 2392 171 2463 tacta
185 2403 213 2446 es
227 2387 308 2445 miti.
324 2388 357 2443 Et
372 2386 429 2442 lani
443 2396 470 2443 te
493 2402 577 2459 aqua,
592 2390 618 2442 et
639 2382 788 2442 emundavi
801 2379 919 2452 sanqui-
973 2375 1161 2452 Unguentum
1177 2379 1255 2436 istud
1268 2380 1469 2455 principaliter
1479 2383 1612 2440 abundat
1628 2384 1657 2440 in
1669 2382 1801 2456 Christo,

96 2495 161 2536 seem
175 2487 253 2535 tuum
267 2492 303 2534 ec
315 2480 360 2532 te:
377 2484 403 2532 et
415 2477 488 2532 unci
502 2480 529 2531 te
542 2475 612 2533 oteo.
625 2477 662 2532 Et
675 2472 770 2532 vestiri
785 2477 811 2529 te
824 2471 920 2528 disco·
974 2467 1020 2522 cni
1037 2468 1100 2524 sine
1115 2484 1254 2525 mensura
1266 2469 1353 2528 dutus
1367 2476 1411 2528 est
1425 2472 1562 2545 spiritus,
1576 2472 1648 2546 quia
1664 2474 1688 2510 ¹¹
1705 2474 1802 2533 linctus

98 2569 212 2635 toritas,
227 2572 254 2626 et
272 2568 294 2606 ⁸⁸
317 2568 376 2625 lavi
389 2569 415 2624 le
429 2566 576 2639 ianthino:
591 2573 619 2624 et
638 2565 717 2623 cinci
739 2572 767 2622 lc
790 2565 879 2638 tyrso,
894 2564 921 2620 et
974 2564 1013 2614 est
1027 2558 1084 2615 oleo
1099 2558 1208 2617 laetitia
1219 2576 1279 2633 prm
1302 2563 1475 2619 consortibus
1498 2565 1567 2619 suis.
1583 2563 1638 2620 Sed
1665 2581 1801 2639 unguen·

97 2657 178 2717 indui
193 2655 389 2714 tesudtilitus.
406 2661 439 2713 Et
453 2657 554 2713 ornaui
576 2664 601 2712 tc
623 2665 793 2726 ornamento,
809 2658 835 2710 et
857 2649 921 2709 dedi
974 2650 1038 2704 tum
1056 2647 1380 2721 ¹⁸ueapitedescendit
1394 2651 1423 2707 iu
1440 2651 1572 2723 barbam,
1588 2654 1759 2712 elabarbs
1773 2654 1800 2711 in

96 2747 229 2805 armillas
243 2748 272 2802 in
292 2744 421 2802 manitus
443 2746 508 2813 lust,
523 2754 551 2802 et
573 2753 696 2816 torquem
718 2745 797 2800 eirca
819 2742 921 2798 collum
975 2753 1055 2794 oram
1071 2739 1238 2795 vestimenti
1262 2739 1424 2812 descendit,
1439 2741 1508 2814 quia
1524 2741 1547 2779 ¹⁸
1569 2740 1603 2799 de
1621 2743 1802 2815 ptenundise

96 2842 186 2896 tuum.
200 2837 238 2892 Et
251 2833 316 2892 dedi
339 2833 576 2906 inauremsuper
597 2849 626 2889 os
651 2840 782 2896 tuamet
802 2832 921 2889 circutos
974 2827 1033 2898 eius
1060 2842 1153 2884 omnes
1183 2830 1354 2900 accepimus,·
1371 2830 1500 2903 primum
1529 2831 1671 2905 Apostoli,
1696 2833 1801 2891 deinde

96 2925 216 2986 auritus
236 2923 302 2991 tuis,
318 2931 346 2981 et
369 2939 499 2980 coronam
525 2922 630 2980 decoris
644 2924 675 2979 in
701 2920 792 2995 capite
817 2925 873 2978 tuo.
889 2922 922 2977 Et
974 2917 1081 2973 ceteri.
1096 2920 1163 2974 Haec
1178 2922 1223 2974 est
1237 2920 1347 2987 unctlo,
1365 2934 1428 2993 quse
1442 2922 1606 2979 secundum
1622 2923 1768 2982 loannem
1782 2922 1803 2960 ¹⁸

95 3023 196 3074 ornata
211 3029 239 3072 es
252 3028 333 3083 auro,
347 3021 374 3070 et
386 3015 499 3082 arqmto
512 3020 540 3069 et
557 3016 657 3070 uestita
679 3027 709 3070 es
724 3011 814 3084 ipsso,
828 3019 854 3069 et
871 3025 921 3081 po·
974 3004 1049 3062 docet
1063 3004 1098 3062 de
1110 3007 1257 3076 omnitas,·
1273 3025 1332 3082 qua
1347 3025 1430 3084 reges
1445 3014 1474 3068 et
1487 3010 1659 3070 Sacerdotes
1684 3029 1803 3083 ungun-

95 3105 204 3179 epam,
218 3106 247 3160 et
260 3100 356 3159 multis
369 3102 507 3159 coloribus
517 3117 527 3158 :
538 3100 676 3172 similam,
691 3107 719 3158 et
728 3101 783 3157 met
794 3106 821 3158 et
833 3101 921 3157 oleam
976 3100 1035 3165 tur,
1051 3098 1099 3152 sed
1115 3094 1169 3165 illi,
1179 3097 1215 3152 de
1229 3097 1337 3169 quibus
1355 3099 1456 3157 Petrus
1467 3100 1628 3174 Apostolus
1641 3102 1684 3160 ait
1695 3119 1704 3160 :
1717 3104 1742 3142 ¹⁸
1755 3108 1804 3162 tos

97 3192 241 3252 conadam
260 3203 286 3250 es
308 3191 410 3248 meare
433 3193 509 3260 iacto
535 3207 563 3248 es
590 3189 765 3247 venementer
783 3190 882 3255 nimis,
897 3192 926 3245 et
976 3188 1039 3241 estis
1054 3200 1140 3255 aenas
1154 3186 1280 3258 eiectam,
1297 3189 1395 3258 regale
1407 3193 1604 3248 sacerdotium.

96 3280 244 3357 proiecisti
258 3283 289 3338 in
303 3296 433 3352 rognum.
443 3281 624 3350 Erraresmm
634 3287 674 3337 est
686 3295 786 3336 nomen
799 3283 879 3336 tuum
893 3277 925 3335 in
1307 3277 1343 3334 lie
1357 3277 1471 3336 onmia.

102 3372 199 3432 tenta
221 3377 335 3444 propter
344 3372 461 3443 speciem
475 3375 563 3441 tuam,
578 3372 645 3443 quia
671 3373 793 3443 perlecta
807 3385 869 3425 erar
893 3366 925 3424 in
1014 3368 1052 3421 [te
1071 3368 1177 3421 crustu
1202 3363 1335 3438 loquitur
1362 3367 1501 3426 Salomon
1531 3369 1561 3427 in
1589 3369 1746 3430 Parabnlis
1760 3371 1804 3429 ¹²:

103 3462 202 3521 decors
214 3476 285 3530 meo,
299 3477 381 3533 quem
391 3475 538 3532 posueram
552 3475 637 3532 super
651 3465 694 3526 te,
708 3457 776 3516 dicit
796 3456 927 3517 Dominus
976 3453 1169 3523 seraranan
1178 3458 1278 3511 vestem
1291 3456 1358 3528 tecit
1373 3456 1445 3514 siti:
1456 3457 1563 3531 tyrsus,
1576 3467 1605 3516 et
1617 3476 1751 3534 purpura
1762 3477 1805 3519 sc·

104 3552 185 3610 pm,
743 3595 748 3609 ,
977 3542 1137 3600 stimentnm
1150 3543 1228 3617 ejus:
1246 3543 1344 3602 Omnes
1357 3545 1378 3581 ¹⁸
1392 3547 1538 3605 domestici
1550 3549 1610 3622 ejus
1623 3550 1719 3607 vestiti
1740 3557 1805 3608 sunt

423 3638 461 3694 lte
474 3639 604 3695 lauacro.
977 3632 1145 3706 duplicibus.
1162 3633 1261 3691 Vestes
1284 3634 1420 3693 Ecclesia
1445 3641 1516 3695 sunt
1537 3639 1673 3708 virtutes,
1696 3640 1806 3714 quibus

138 3724 926 3800 lacitergoclrristusEcoiesiom,uteamacrimini-
978 3722 1106 3780 Ecclesia
1135 3725 1309 3798 protegitur,
1325 3731 1355 3783 et
1381 3731 1514 3799 ornatur,
1539 3729 1700 3787 secundnm
1732 3728 1806 3788 illud

101 3817 159 3876 bus
173 3816 358 3874 emundaret.
371 3814 455 3873 linuit
468 3831 522 3882 me,
535 3819 569 3871 ut
582 3813 792 3871 chrismatibus
807 3814 927 3870 decora·
978 3810 1204 3885 propheticum:
1223 3814 1245 3850 ¹⁸
1265 3814 1428 3873 Sacerdotes
1439 3817 1484 3873 tai
1506 3817 1627 3875 induant
1647 3818 1806 3892 justitiam.

103 3909 164 3976 rete
181 3906 294 3962 ornarit
306 3919 360 3972 mc,
377 3908 410 3959 ut
425 3903 585 3960 virtutibus
599 3903 764 3975 insigniret.
781 3906 820 3960 lte
848 3901 927 3958 lava·
978 3901 1031 3958 Et:
1048 3901 1071 3937 ²⁰
1084 3900 1179 3958 lnduti
1190 3911 1256 3959 sant
1270 3905 1372 3963 artetes
1395 3907 1543 3974 autumet
1563 3907 1654 3966 uelim
1676 3909 1806 3967 coneda·

101 4012 151 4054 cru
164 3994 236 4052 dicit
261 3992 417 4066 Apostolus
441 3992 477 4049 ad
502 3991 661 4063 Ephesios:
680 3991 713 4029 ¹⁰⁹
731 3991 789 4050 Viri
814 3993 927 4064 diligite
979 3991 1805 4068 dnntsramerrlo.Totigiturhabetdivereitatesvestium,

99 4099 200 4142 secares
214 4093 332 4151 uestras,
343 4083 416 4139 sicut
429 4086 458 4138 et
473 4081 597 4138 ditrictae
610 4082 711 4138 dilexit
732 4083 890 4149 Ecclesiam,
901 4088 927 4138 et
978 4082 1050 4153 qulrt
1062 4080 1150 4137 habet
1159 4081 1316 4139 varietates
1327 4083 1481 4152 virtutum,
1490 4086 1577 4157 iuxta
1592 4087 1674 4160 quod
1686 4087 1758 4145 aiibi
1770 4087 1807 4145 lc·

99 4190 130 4232 se
156 4176 246 4247 ipsum
273 4172 394 4230 reddidit
426 4187 477 4244 pro
512 4187 556 4237 ea,
585 4175 616 4227 ut
651 4171 730 4227 ittam
765 4171 926 4243 sanctifica·
977 4171 1110 4244 gitur:¹¹
1128 4171 1331 4245 Astititrepina
1345 4192 1363 4232 a
1377 4174 1592 4233 deerrasnain
1607 4176 1806 4235 uestitudeau·

100 4266 143 4321 ret
155 4261 294 4319 mandans
310 4261 423 4319 munero
439 4274 521 4334 aqam
535 4262 564 4316 in
579 4259 665 4317 cerda
678 4261 753 4328 vitoe,
771 4264 800 4316 at
813 4260 925 4317 extite-
976 4261 1048 4324 roto,
1061 4256 1237 4316 circumdata
1265 4261 1408 4320 camerate.
1424 4266 1546 4337 Propter
1566 4264 1644 4337 quod
1661 4264 1808 4323 domestici

100 4350 274 4423 retipsesiti
283 4351 436 4421 gloriosam
446 4350 662 4406 Ecolemmnon
674 4349 818 4406 habenam
830 4366 926 4406 maeu-
976 4348 1047 4417 eius,
1064 4347 1093 4402 id
1109 4353 1155 4404 est
1169 4347 1269 4407 lidelea
1282 4349 1312 4406 in
1328 4351 1415 4408 dome
1439 4351 1557 4409 Domini
1583 4360 1805 4424 conversantes,

101 4440 170 4508 mm,
184 4446 233 4496 aut
247 4455 357 4508 rugam
372 4443 421 4495 ant
444 4438 552 4511 aliquid
575 4438 744 4511 huiusmodi,
759 4440 809 4496 scd
831 4441 861 4494 ut
888 4439 925 4495 sit
938 4435 962 4502 D
977 4435 1118 4491 dicuntur
1132 4437 1224 4493 vestiti
1237 4438 1413 4511 duplucitus,
1431 4440 1461 4495 id
1477 4447 1522 4499 est
1537 4442 1663 4500 diuersis
1690 4443 1806 4503 virtuti·

99 4539 198 4586 sancta
211 4533 238 4586 et
252 4525 447 4584 immaculata.
462 4528 632 4601 Baptismus
646 4528 724 4585 enim
748 4528 844 4584 abluit
864 4544 922 4585 non
976 4524 1033 4581 bus
1048 4526 1153 4581 ornati.
1169 4527 1332 4597 Strapatato
1348 4531 1509 4587 renovastis
1524 4536 1569 4590 est
1585 4530 1648 4605 ills,
1666 4550 1733 4605 ques
1750 4551 1806 4592 non

100 4621 217 4675 tantum
231 4633 350 4690 carpus,
366 4617 418 4673 sed
433 4633 504 4674 cor:
521 4634 572 4689 per
595 4617 776 4674 ablutionem
792 4619 923 4690 corporis
977 4612 1072 4669 solum
1089 4615 1197 4671 texitur
1211 4632 1245 4671 ex
1256 4616 1425 4687 virtutibus,
1435 4635 1535 4676 verum
1550 4624 1579 4677 et
1593 4623 1808 4680 contexitnrex

100 4706 274 4764 exteriorem
289 4705 461 4779 significans
475 4705 657 4762 ablutionem
683 4706 781 4762 cordis
802 4708 925 4764 interlo-
977 4703 1126 4775 operibus,
1136 4708 1169 4759 ut
1182 4706 1332 4773 varietate,
1342 4712 1460 4765 textura
1475 4709 1646 4768 firmissima
1663 4717 1807 4770 contexe·

101 4812 173 4855 mm.
188 4795 278 4853 Juxta
292 4795 372 4868 quod
388 4794 532 4851 Dominus
554 4811 604 4867 per
626 4793 809 4852 Ezechielem
833 4800 922 4853 testa-
977 4797 1044 4859 tur,
1061 4793 1122 4850 hac
1137 4798 1181 4850 est
1197 4794 1290 4851 virtus
1304 4812 1442 4868 operans,
1459 4802 1488 4854 et
1506 4799 1639 4870 operatio
1658 4800 1808 4859 vimuosa.

100 4892 170 4943 tur:
200 4887 210 4923 ¹
240 4884 388 4958 Effundam
413 4900 496 4956 super
524 4899 568 4940 vos
597 4900 697 4957 aquam
724 4884 868 4956 mundam,
895 4890 924 4943 et
977 4881 1810 4958 QuiereroduosuntgeneraEideliuminllcclesls,vl·

100 4973 308 5031 murrdadimini
322 4974 355 5031 oo
368 4972 497 5031 omnious
522 4972 744 5045 inquinamentis
768 4973 876 5031 nestris.
891 4976 924 5032 Et
977 4969 1081 5027 delicet
1094 4973 1290 5042 confessores,
1302 4979 1332 5031 ct
1346 4976 1499 5050 Martyres,
1512 4981 1589 5035 rente
1600 4978 1810 5053 subiungitur:

99 5062 238 5121 Ezechias
247 5081 259 5119 .·
273 5063 285 5098 s
298 5064 329 5119 ln
343 5064 387 5120 die
401 5063 452 5119 iila
466 5064 520 5119 erit
541 5065 606 5135 {ons
629 5066 727 5134 patens
749 5062 845 5119 dornai
870 5064 924 5120 on·
977 5060 1091 5132 Byrsus,
1101 5064 1128 5118 et
1138 5078 1265 5135 purpura
1277 5063 1472 5122 uestimentum
1486 5068 1556 5140 ejus.
1569 5068 1708 5141 Purpura
1723 5086 1811 5128 nam·

135 5178 257 5236 “unat
270 5179 299 5247 2,
316 5179 342 5249 l,
358 5187 453 5252 etseq.
470 5177 613 5235 ”Psalm
626 5178 673 5244 il,
690 5175 875 5246 10.”lsaiae,
891 5179 937 5245 do,
970 5176 1097 5248 ‚⁰⁸dop.
1116 5177 1149 5233 16
1163 5180 1265 5245 versit,
1281 5182 1375 5252 etseq.
1392 5181 1576 5241 ”Nonnihil
1590 5182 1673 5240 distat
1687 5185 1812 5244 doeeiss.

98 5253 291 5322 terpretatioa
308 5251 431 5342 Vulgata.
446 5250 487 5306 An
503 5250 533 5306 id
547 5252 577 5305 in
606 5255 813 5305 Arnanuensem
827 5250 1004 5322 referendum
1017 5248 1199 5307 milladicet
1215 5252 1319 5307 tector.
1337 5254 1371 5289 ¹⁰⁰
1396 5253 1463 5326 Cap.
1480 5255 1509 5321 5,
1524 5272 1598 5314 vers.
1609 5256 1655 5323 25,
1672 5260 1698 5314 et
1724 5263 1808 5332 μμ

100 5320 317 5391 0111132211
346 5320 673 5395 tap.13,i.⁸loum3
698 5322 754 5376 5.ι
783 5325 869 5379 Uare.
887 5324 931 5388 tt,
949 5321 1017 5379 itt·
1046 5320 1112 5391 dap.
1129 5323 1155 5387 i,
1179 5322 1233 5379 3.⁸
1261 5325 1331 5395 Cap.
1349 5325 1463 5392 ll,2,²
1492 5326 1756 5400 canrcmggst
1782 5332 1809 5389 η

100 5389 228 5449 domati.
251 5394 282 5464 2,
297 5394 341 5451 ll.
358 5395 461 5452 ’toan
479 5394 521 5462 12,
538 5391 565 5448 3.
580 5392 603 5429 ¹⁸
617 5392 693 5450 Psoi.
708 5392 753 5447 22.
769 5394 797 5449 5.
815 5395 836 5431 ¹¹
850 5396 928 5453 Peal.
942 5394 991 5465 62,
1003 5394 1031 5449 6.
1048 5393 1069 5430 ¹¹
1084 5392 1128 5462 11,
1144 5392 1172 5449 8.
1188 5392 1212 5431 ¹⁸
1226 5395 1368 5466 eminae,
1383 5400 1412 5464 2,
1427 5403 1457 5457 ,ι
1469 5400 1498 5456 3,
1515 5400 1537 5436 si
1549 5401 1630 5458 pm,
1647 5400 1675 5467 1,
1692 5401 1740 5469 qq,
1756 5402 1809 5463 ssg

98 5472 229 5619 mhi,
242 5472 289 5532 27.
305 5475 328 5513 ¹⁸
340 5478 356 5533 l
368 5474 444 5535 Pete.
454 5474 483 5546 2,
493 5473 521 5531 9.
538 5473 560 5512 ¹¹
576 5472 641 5548 Cap.
653 5473 699 5548 31,
712 5472 759 5531 22.
775 5473 799 5513 ¹⁸
811 5474 878 5534 aad.
890 5492 955 5552 rap·
969 5490 1041 5535 uere.
1050 5472 1096 5532 21.
1107 5473 1130 5510 ¹⁰
1143 5473 1249 5533 esaan.
1261 5475 1324 5548 131,
1333 5476 1361 5537 9.
1372 5475 1397 5514 ’⁹
1411 5479 1519 5540 Possim.
1529 5480 1577 5551 61,
1590 5479 1636 5539 ii.
1651 5480 1676 5521 ¹¹
1690 5480 1804 5543 osas*
