3796 5986
554 257 677 315 ΒΕΒΜΟ
694 262 718 323 1,
737 257 917 314 nouimus
934 260 946 313 l
965 258 1003 312 m
1022 256 1195 312 euveum
1213 253 1353 311 nusum,

525 555 1073 677 munemel!
1120 556 1380 674 PAPAE

778 784 867 826 tintus
885 785 1006 826 domtus
1025 785 1118 826 uuum

281 947 842 1078 SERMONES
900 949 1023 1076 DE
1080 940 1607 1080 TEMPORE.

724 1350 914 1449 SERMO
960 1359 1170 1448 PRIMUS

634 1541 825 1604 nolumus
848 1540 1086 1603 movemus
1108 1540 1259 1604 nouuu.

89 1696 211 1758 coruos·
222 1697 367 1761 armeus
380 1719 436 1762 eur
450 1710 511 1763 tom
525 1700 580 1761 dtu
594 1700 708 1763 dilutus
721 1701 772 1776 eit,
789 1700 825 1763 de
840 1699 959 1782 triplici
981 1699 1112 1774 silentio,
1128 1719 1183 1762 our
1207 1700 1306 1762 Filius
1327 1708 1356 1761 et
1376 1719 1436 1760 nou
1459 1697 1554 1759 Pater
1580 1704 1633 1758 out
1659 1692 1800 1772 Spiritus

126 1788 252 1840 euectus
265 1788 389 1856 ornem,
406 1801 461 1843 our
474 1780 511 1844 de
525 1782 653 1843 muliere
667 1791 782 1843 tontum
796 1801 905 1864 corpus
917 1788 1110 1863 assumpserit
1125 1782 1302 1856 temanum,
1314 1800 1368 1842 our
1381 1791 1422 1841 tot
1436 1776 1601 1861 opprobrio
1611 1771 1799 1856 elsupplioio
1884 1833 1889 1840 ,

127 1857 263 1921 selueru
276 1867 434 1938 sustinere,
451 1870 480 1924 et
492 1862 529 1923 de
542 1861 738 1945 quadruplici
752 1864 828 1944 lege.

123 2185 195 2243 Cum
207 2189 283 2244 uouit
297 2187 444 2260 plenitudo
460 2189 601 2263 temporis,
616 2191 693 2246 misit
715 2190 786 2246 Deus
810 2188 918 2246 Filium
931 2191 959 2259 A
973 2189 1061 2247 Perre
1076 2189 1224 2258 subtilior,
1240 2195 1269 2246 et
1284 2190 1422 2246 secretior
1436 2189 1526 2260 hujus
1540 2185 1691 2244 dilationis
1702 2188 1747 2241 eet
1758 2199 1802 2239 ru.

87 2290 183 2347 suum,
198 2284 296 2333 sotum
310 2277 345 2334 ds
357 2279 487 2348 mutere,
501 2282 608 2353 [odom
619 2279 670 2336 eui
684 2281 753 2352 leue,
764 2287 796 2336 ut
809 2294 855 2337 eor
870 2278 919 2352 qui
972 2279 1025 2343 tie,
1045 2295 1133 2350 quum
1150 2280 1275 2352 Sapiens
1289 2279 1373 2335 nobis
1389 2277 1538 2334 insinuat:
1564 2281 1639 2333 Dum
1656 2273 1799 2338 medium,

87 2363 140 2420 sul
154 2364 219 2435 loos
231 2368 322 2434 oront,
337 2367 484 2424 redimeret
495 2368 599 2440 (Galat.
616 2369 665 2442 tv).
973 2367 1081 2439 iuquit,
1097 2367 1247 2424 silentium
1272 2371 1406 2424 tenerent
1429 2367 1539 2436 omniu,
1562 2369 1591 2421 et
1613 2379 1670 2419 nox
1692 2362 1723 2417 in
1747 2376 1800 2416 suo

125 2454 159 2509 ln
174 2455 445 2528 prepositisverbie
460 2456 592 2530 Apostoli
620 2461 749 2530 quatuor
772 2451 919 2531 proeoipue
973 2473 1061 2512 eursu
1088 2456 1217 2513 medium
1242 2455 1298 2512 iter
1322 2458 1481 2529 perageret,
1496 2454 1683 2524 omnipotens
1703 2464 1799 2506 sermo

87 2542 279 2600 eonsidersre
293 2544 638 2617 debemus,edvenientis
652 2551 771 2619 tempus
785 2546 920 2604 videlieet
973 2549 1054 2611 tuus,
1065 2541 1668 2616 Domine,nregalibussedibusvenitlsop.
1679 2543 1771 2606 xvui).
1783 2559 1798 2587 »

88 2637 117 2688 et
131 2647 302 2706 personum,
315 2635 436 2690 mudum
452 2639 480 2692 et
495 2635 675 2692 oensem.De
690 2639 822 2709 tempore
833 2651 919 2691 nem·
974 2633 1054 2689 Lioet
1068 2633 1146 2689 euim
1163 2633 1248 2689 eiitsr
1262 2637 1291 2689 et
1306 2631 1391 2688 uliter
1405 2632 1460 2688 hon
1471 2631 1507 2688 eh
1518 2630 1585 2686 eliis
1596 2634 1625 2686 et
1634 2627 1700 2685 eliis
1710 2643 1799 2698 expo·

89 2735 148 2792 qne
162 2721 371 2795 premittitur:
389 2724 460 2779 Cum
475 2724 550 2780 uenit
562 2724 706 2796 plenitudo
719 2722 851 2794 temporis
861 2741 873 2786 ‚¹
883 2725 919 2781 de
974 2726 1071 2794 natur,
1082 2737 1210 2794 eungrue
1219 2726 1317 2778 temen
1329 2725 1426 2794 potest
1436 2719 1560 2793 intelligi
1570 2719 1698 2792 primum
1709 2715 1799 2772 eilen·
1838 2721 1840 2724 ’

90 2825 221 2882 perenne
234 2810 442 2884 subjungitur:
457 2813 531 2869 testo
546 2814 616 2870 Deos
630 2815 733 2870 l'ilium
756 2829 858 2877 mum:
882 2812 919 2868 de
972 2812 1047 2866 tium
1062 2810 1093 2867 in
1108 2810 1172 2885 lege
1192 2814 1313 2877 neturus,
1330 2810 1493 2867 secundum
1509 2809 1540 2864 in
1556 2805 1795 2879 legesoripturn,
1875 2842 1878 2846 A

88 2899 773 2974 modosubditur2liotumdemuliere,!octum
786 2901 918 2973 milone:
973 2906 1092 2959 tertium
1108 2903 1137 2958 in
1154 2903 1216 2975 loge
1231 2903 1342 2975 gretie.
1355 2901 1467 2958 indidit
1481 2901 1559 2956 enim
1575 2898 1708 2955 eonditor
1724 2901 1799 2951 Deus
1892 2927 1893 2931 =

87 2989 123 3046 de
139 3005 233 3046 esuse
246 2991 440 3063 supponitur:
459 2992 490 3048 ttt
504 3008 559 3062 eos,
573 2994 623 3063 qui
634 2993 684 3048 sut
699 2993 756 3063 iope
770 2999 861 3060 nunt,
873 3007 917 3048 ro·
972 2992 1066 3065 legem
1084 2990 1247 3047 nutui-niem
1263 2991 1411 3047 mentibus
1422 2989 1587 3057 bominum,
1600 2988 1636 3042 eb
1646 2988 1710 3060 ipso
1721 2999 1799 3041 eree·

87 3077 218 3135 disseret.
239 3078 369 3152 Tempus
396 3085 496 3137 eutem
526 3079 719 3154 plenitudinis
743 3080 919 3154 intelligitur
972 3081 1062 3138 tionis
1077 3080 1181 3136 mundi
1193 3080 1322 3149 exordio,
1333 3079 1485 3152 geminum
1500 3077 1701 3135 nontineutem
1717 3090 1800 3131 men·

88 3171 208 3239 ternpus
218 3168 331 3240 gretie,
341 3168 419 3240 quod
432 3168 469 3224 sb
480 3168 606 3226 adventu
617 3168 775 3226 Selvetoris
785 3169 916 3243 inooepit.
973 3171 1086 3227 dutum.
1101 3169 1200 3226 Unum
1219 3169 1440 3238 eldrmetivum,
1456 3167 1534 3240 quod
1549 3167 1585 3222 nd
1601 3165 1797 3238 prestandum

88 3256 222 3330 Tempus
248 3257 350 3330 utique
374 3257 542 3329 miserendi,
557 3263 586 3314 et
605 3275 701 3316 eunus
715 3257 916 3332 benignitatis.
972 3259 1112 3316 beneiioie
1127 3259 1250 3315 donetur
1260 3257 1290 3313 in
1307 3256 1481 3329 Evangelio:
1506 3279 1521 3306 «
1537 3258 1720 3325 Quaeeunque
1735 3250 1798 3308 vul·
1882 3270 1885 3275 ·

89 3349 164 3404 tlnm
179 3343 228 3401 lex
243 3360 294 3418 per
307 3344 426 3419 Moysen
442 3347 511 3404 dete
525 3351 580 3413 est,
592 3347 687 3422 gretie
700 3353 729 3405 et
742 3347 850 3404 veritus
866 3365 918 3421 per
971 3349 1011 3404 tis
1035 3353 1069 3404 ut
1094 3349 1202 3403 leeiunt
1225 3347 1309 3403 vobis
1335 3346 1481 3416 homines,
1505 3350 1535 3401 et
1555 3361 1605 3401 voe
1630 3343 1716 3399 ienite
1740 3340 1799 3397 iilis

85 3432 192 3491 iesum
208 3433 358 3491 Christum
371 3434 447 3492 laetu
462 3440 507 3492 eet
522 3438 548 3508 (l
557 3438 640 3493 loon.
656 3437 688 3509 1).
702 3437 812 3503 Gratis,
828 3437 857 3492 id
873 3442 918 3494 est
973 3438 1078 3510 (llorui.
1091 3439 1153 3510 vu).
1172 3437 1333 3494 »Alterum
1348 3438 1525 3510 negetivum,
1542 3436 1619 3508 quod
1642 3434 1678 3490 ed
1703 3432 1799 3488 viten-

88 3522 225 3581 remiesio
241 3529 428 3597 peooutorum
442 3543 449 3592 ;
465 3526 585 3594 veritos,
598 3525 626 3581 id
637 3530 682 3582 est
692 3525 832 3582 exhibitio
848 3543 915 3599 prn-
933 3557 957 3623 B
972 3527 1042 3584 dum
1068 3526 1194 3597 injurius
1217 3526 1324 3597 legitur
1343 3526 1373 3581 in
1394 3525 1508 3581 Tobie:
1533 3545 1548 3575 «
1565 3525 1632 3590 oue
1657 3521 1711 3577 tibi
1733 3520 1798 3579 odis

88 3613 264 3670 missurum.
277 3613 329 3669 Per
342 3612 493 3670 Christum
507 3615 584 3671 enim
600 3618 719 3688 peeeete
730 3615 826 3671 delete
836 3620 917 3682 sunt,
973 3616 1046 3685 fieri,
1061 3616 1111 3672 ulii
1127 3632 1163 3671 ne
1177 3614 1281 3672 teneris
1296 3615 1369 3688 (lot.
1386 3615 1436 3685 iv).
1454 3635 1469 3660 e
1484 3613 1541 3669 Sed
1562 3612 1608 3668 lex
1631 3613 1690 3667 iste
1713 3610 1798 3667 siluit

89 3717 143 3775 per
166 3703 265 3774 ipsum
288 3701 435 3775 promisse
458 3702 613 3777 complete.
631 3704 687 3761 Sed
710 3708 843 3760 eurtum
866 3704 918 3761 diu
973 3707 1009 3762 eb
1025 3704 1120 3772 initio,
1136 3720 1204 3760 eum
1218 3703 1289 3760 cuin
1302 3702 1450 3760 interiecit
1474 3702 1593 3759 tratrem
1617 3716 1705 3756 suum
1726 3697 1797 3755 libet

89 3789 208 3847 distulit
221 3790 320 3847 venire
330 3791 462 3849 medicus
472 3793 508 3849 ed
520 3793 685 3850 seeundum
696 3792 918 3867 aegrotum‘lUt-
973 3793 1236 3865 (Gen.1v),leeiens
1251 3791 1336 3848 elteri
1352 3792 1429 3866 quud
1445 3790 1502 3848 sihi
1518 3790 1609 3847 nollet
1623 3788 1698 3846 lieri.
1708 3789 1745 3843 ttt
1755 3787 1797 3843 sio

90 3879 338 3953 quiduonentee
353 3885 488 3938 mortuus
507 3886 553 3938 eet
571 3898 649 3938 unus
670 3898 724 3954 pro
748 3881 918 3955 populo,ne
973 3883 1142 3938 leotumest
1160 3881 1288 3954 primum
1314 3879 1465 3937 silentium
1488 3895 1582 3952 usque
1605 3878 1642 3935 ed
1667 3878 1796 3950 Meysen,
1892 3904 1895 3913 ·

87 3973 237 4041 integens
251 3968 359 4041 periret
374 3969 464 4041 (loon.
477 3970 534 4042 112?
550 3993 564 4021 o
575 3969 733 4027 ualetudo
747 3971 916 4027 diuitiarum
972 3989 1024 4045 per
1039 3988 1126 4044 quem
1141 3971 1218 4027 Deus
1232 3969 1387 4027 suseitevit
1401 3969 1603 4026 testimonium
1614 3968 1644 4022 in
1656 3966 1757 4034 laeeb,
1769 3967 1798 4021 et

88 4058 241 4131 sapientie
255 4059 422 4114 etseientiee
438 4058 596 4132 Dei,quem
608 4058 919 4134 incomprehensibilis
972 4065 1150 4132 preceptum
1166 4060 1264 4134 posuit
1277 4058 1307 4114 in
1325 4057 1426 4128 isreel,
1443 4059 1516 4113 dens
1531 4073 1582 4129 per
1596 4072 1663 4111 eum
1677 4051 1796 4110 Deculo-

88 4152 160 4204 eunt
171 4146 287 4220 ludinia
297 4147 372 4218 ejus,
384 4151 413 4204 et
436 4147 655 4220 iuvestigabiles
669 4149 722 4205 vie
737 4149 821 4220 oJuel
848 4149 917 4217 Quis
972 4166 1041 4221 gum
1056 4149 1129 4222 legis
1143 4146 1174 4204 in
1189 4148 1305 4204 duabus
1325 4146 1435 4203 tubulis
1460 4146 1602 4216 seriptum
1626 4142 1722 4213 (deod.
1736 4141 1795 4215 xx),

88 4236 167 4293 enim
176 4235 441 4308 eognovitseneum
453 4235 583 4307 Domini,
592 4240 644 4293 ent
653 4236 720 4309 quis
730 4236 918 4294 consiliarius
972 4239 1064 4295 ultera
1077 4237 1248 4294 eontinente
1262 4235 1447 4292 dileetieuem
1458 4232 1519 4299 Dei,
1531 4232 1644 4304 reliqua
1660 4229 1795 4303 proximi.

89 4325 154 4398 eius
174 4323 271 4381 initi»
289 4325 377 4395 (Rom.
387 4326 440 4397 ιι.)
454 4324 607 4398 Disposuit
617 4330 716 4382 temen
731 4324 859 4382 ooelestis
874 4324 918 4383 ul·
972 4326 1161 4399 «inquibus
1182 4325 1298 4381 duobus
1321 4323 1469 4380 mendatis
1493 4325 1554 4378 tote
1576 4320 1622 4377 lex
1646 4321 1752 4393 pendet
1765 4321 1796 4375 et
1884 4324 1892 4330 ’

90 4415 185 4472 titudo
200 4412 330 4480 consilii,
346 4418 379 4470 ut
398 4413 463 4471 ideo
478 4413 610 4471 ditlerret
624 4414 755 4470 medicus
768 4414 865 4471 venire
881 4414 916 4471 ed
972 4412 1326 4488 prophetu(llottii.xxn).
1337 4433 1352 4463 e
1362 4412 1419 4469 sed
1426 4411 1474 4468 lex
1482 4411 1541 4467 iste
1550 4409 1634 4466 siluit
1648 4411 1684 4466 eb
1699 4408 1795 4480 initio,

91 4503 257 4561 ssunndum
272 4506 426 4575 egrotum,
437 4517 485 4575 ns,
496 4503 522 4559 si
538 4503 663 4560 festinus
677 4501 816 4574 venisset,
833 4508 917 4575 putu·
971 4520 1039 4561 oum
1061 4503 1189 4577 populus
1210 4501 1334 4558 vitulum
1353 4498 1530 4557 eonilntiiem
1547 4498 1680 4556 odoravit
1694 4502 1796 4554 uontrn

91 4598 134 4650 ret
148 4596 323 4666 egrotusse
337 4608 395 4648 non
411 4591 517 4648 medici
531 4590 649 4662 virtute,
665 4591 715 4649 sed
740 4595 852 4648 neturus
875 4592 918 4648 vi·
972 4594 1100 4666 primum
1129 4591 1203 4665 tegis
1231 4591 1415 4660 mundatum,
1439 4589 1565 4646 aderens
1590 4588 1660 4644 deos
1684 4585 1796 4644 ulieuos

91 4678 547 4755 gure,otinflrmitetis10nitute
562 4696 594 4736 ee
609 4679 918 4751 senatum,etsiovi-
970 4681 1070 4752 (duod.
1087 4680 1187 4752 xxxu).
1203 4680 1239 4736 ttt
1260 4679 1302 4735 sin
1322 4679 1432 4734 lentum
1456 4681 1499 4734 est
1521 4676 1684 4734 seeundum
1706 4674 1796 4731 eilen·
1877 4688 1882 4751 j

89 4769 253 4843 lipenderet
262 4768 422 4836 medioum,
432 4773 462 4825 et
470 4767 693 4842 parvipenderet
703 4768 916 4841 egritudinem.
971 4773 1046 4827 tium
1061 4769 1145 4843 legis,
1158 4784 1252 4841 usque
1266 4768 1302 4823 sd
1318 4767 1478 4836 Christum,
1488 4767 1540 4839 qui
1556 4765 1694 4822 misertus
1709 4763 1796 4820 edve-

90 4858 290 4916 Prrssnmebet
303 4857 382 4914 enim
398 4862 535 4931 ponentur
548 4857 584 4913 de
598 4856 661 4914 suis
676 4856 789 4914 viribus
803 4858 916 4925 dioene;
971 4861 1056 4916 niens
1071 4856 1195 4915 eontulit
1206 4857 1301 4929 legem
1314 4855 1425 4928 gretie,
1435 4854 1567 4912 seribeus
1588 4869 1651 4910 enm
1676 4852 1706 4906 in
1731 4866 1795 4906 eor-

88 4948 151 5006 iion
172 4947 256 5004 deest
269 4946 322 5020 qui
337 4946 436 5015 lueist,
452 4947 504 5003 sed
528 4947 611 5003 deest
633 4945 685 5019 qui
706 4945 863 5020 precipiat.
880 4931 950 5002 EtC
969 4949 1057 5005 dibus
1077 4947 1233 5004 hominum
1258 4945 1349 5016 digito
1371 4944 1433 5000 Dei.
1447 4945 1503 5001 Sed
1518 4943 1564 5001 lex
1577 4943 1637 4998 iste
1650 4939 1749 4996 silebit
1763 4938 1794 4995 in

88 5037 197 5095 iterum
213 5051 221 5092 :
243 5057 259 5087 e
274 5036 461 5108 Oeneuuquo
475 5034 581 5092 dixerit
596 5034 681 5093 nobie
704 5034 856 5106 Dominus,
871 5036 916 5091 ie·
971 5037 1088 5107 ultimo,
1098 5052 1166 5093 cum
1182 5034 1360 5092 reveiebitur
1371 5053 1386 5084 u
1397 5033 1477 5089 fliius
1491 5030 1665 5103 iniquitatis,
1676 5028 1728 5100 qui
1743 5044 1794 5085 ex·

88 5127 201 5184 eiemus
217 5129 246 5182 et
260 5123 416 5182 audiemus
431 5123 526 5194 (lieet.
540 5125 630 5192 mvi.
648 5142 661 5175 s
678 5122 716 5180 Ut
731 5138 801 5196 erge
816 5124 852 5180 de
864 5139 919 5179 sue
973 5125 1087 5182 tollitur
1100 5140 1191 5198 super
1205 5139 1292 5179 omne
1307 5122 1386 5194 quod
1399 5122 1515 5189 dicitur,
1532 5124 1583 5175 eut
1595 5117 1673 5191 quod
1686 5116 1795 5175 entitur

87 5218 198 5274 virtute
231 5212 388 5283 diliideret,
407 5218 441 5269 ut
465 5213 700 5286 magnitudinem
734 5211 918 5270 infirmitatis
972 5218 1048 5270 Deus
1063 5214 1097 5281 (ll
1112 5213 1199 5268 lieu.
1215 5211 1259 5284 ιι).
1277 5232 1291 5261 u
1311 5210 1347 5265 lit
1371 5210 1444 5268 lorte
1462 5210 1526 5280 jem
1537 5207 1616 5276 silet,
1631 5229 1646 5258 «
1661 5206 1732 5279 quie
1746 5222 1796 5262 su·

87 5306 271 5379 ugnosoeret,
287 5308 319 5358 ut
342 5300 449 5359 mediet
469 5303 595 5374 grntism
616 5300 789 5374 postularet,
803 5301 919 5357 distulit
973 5299 1186 5375 perndundevit
1199 5299 1354 5372 iniquitas,
1371 5302 1401 5354 et
1413 5296 1524 5353 refrixit
1538 5295 1667 5352 theutes
1685 5294 1794 5352 multo-

87 5393 224 5452 sursus
246 5392 396 5462 eonedere,
419 5390 512 5448 donee
536 5394 672 5464 peeoetor
694 5390 836 5447 elemeret
858 5388 917 5446 lre·
971 5408 1038 5448 rum
1062 5391 1165 5462 tltottt⁸
1179 5390 1267 5461 xxiv).
1284 5409 1299 5439 »
1320 5387 1374 5442 Vix
1403 5391 1449 5443 est
1476 5383 1528 5458 qui
1554 5384 1642 5442 leniet
1669 5384 1794 5456 bonum,

87 5484 226 5558 menter,
240 5483 271 5536 et
293 5479 423 5536 dieeret:
449 5500 465 5530 e
480 5477 565 5549 Veni,
579 5478 713 5547 Domine,
729 5483 760 5536 et
780 5476 842 5534 noli
854 5481 918 5536 ter·
970 5481 1017 5538 uix
1031 5485 1077 5537 est
1090 5495 1185 5552 usque
1199 5479 1236 5536 ed
1252 5491 1354 5533 uuum.
1371 5474 1403 5532 ln
1420 5474 1517 5549 primu
1530 5490 1599 5532 vero
1612 5474 1676 5549 lege
1690 5478 1792 5531 contu·

88 5575 177 5642 dere3
193 5570 294 5629 retexe
307 5568 437 5627 leoinors
448 5567 543 5642 plebis
553 5573 610 5626 tue
620 5569 711 5627 isreel
726 5568 838 5640 (uotae
847 5570 890 5640 u).
902 5589 917 5620 e
970 5568 1006 5627 lit
1019 5573 1097 5627 Deus
1110 5564 1225 5626 homini
1237 5579 1334 5639 posse,
1349 5563 1380 5619 in
1396 5565 1527 5622 mouude
1540 5582 1638 5637 nosse,
1653 5566 1684 5623 in
1707 5563 1794 5622 tertio
