3796 5986
90 228 146 287 aas
371 192 374 197 ’
462 230 510 284 nn
530 226 648 285 sacae
666 223 820 284 anrsms
837 222 1019 281 umrsaro
1037 224 1132 282 mnas
1153 226 1233 282 ssx.
1248 256 1283 267 -
1301 228 1368 284 nse.
1388 232 1425 284 11.
1742 231 1797 293 asa
1891 244 1897 249 ·

88 357 253 428 reputatur,
269 368 335 409 cum
351 355 379 409 et
394 369 445 425 per
460 351 555 425 ipsam
567 369 625 409 non
640 349 765 420 steterit,
782 366 839 421 quo
859 346 915 404 mi·
930 348 956 416 Α
971 364 1060 420 aqua,
1075 347 1194 407 calicem
1210 349 1277 408 c'um
1292 349 1370 422 uino,
1385 352 1570 410 thuribulum
1583 355 1795 416 cumincenso:

88 461 149 501 nus
160 443 317 515 expleverit
333 443 410 515 quod
427 442 545 514 incepit.
562 441 642 506 Quod
659 438 792 511 undique
819 441 916 495 totum
970 437 1060 494 efficit
1074 455 1163 511 super
1177 457 1211 498 ea
1225 440 1322 498 crucis
1337 441 1535 516 signaculum.
1557 448 1590 501 ιιι
1619 462 1671 518 per
1699 447 1796 505 crucis

86 530 514 603 incensatureltare‚designat
525 531 603 603 quod
615 529 724 586 tactum
735 527 809 583 illud
825 532 918 584 totam
970 526 1108 585 virtutem
1145 530 1243 587 omnis
1271 532 1427 589 comitatus
1455 534 1505 606 [ct.
1535 535 1669 608 conatus]
1696 534 1799 594 diaho-

90 625 224 698 undique
240 622 383 694 respargit
397 620 567 677 Ecclesiam.
585 620 667 676 Sicut
681 618 826 675 Dominus
853 617 918 690 ipse
971 615 1035 674 linae
1052 618 1243 692 malignitatis
1271 621 1402 694 effugiet,
1428 640 1465 679 ne
1489 628 1590 680 contra
1617 625 1799 683 sacerdotem

91 717 237 769 testatur:
260 713 344 767 Amen
368 711 431 765 dico
459 708 720 780 vehis,uhi‹sanue
737 706 920 779 praedicatum
971 706 1015 763 vel
1038 709 1214 766 sacrificium
1242 709 1340 783 aliquo
1369 713 1456 768 modo
1487 712 1650 785 prevaleat.
1677 714 1719 772 Ob
1743 714 1799 773 hoc

92 802 179 874 luerit
195 802 243 858 hcc
258 800 441 871 Euonpelium
455 801 485 854 in
501 803 555 855 tote
573 798 684 867 munde,
697 869 698 872 Ἴ
713 796 820 853 dicetur
847 795 921 868 quod
973 796 1061 853 etiam
1075 796 1105 853 in
1121 798 1241 856 modum
1258 800 1353 856 crucis
1367 801 1537 875 superducit
1552 807 1580 859 et
1606 804 1800 863 circumducit

92 896 144 947 noc
156 895 221 963 seen
236 892 266 946 in
277 890 437 945 memorium
454 889 514 961 ejus
529 886 632 960 (thid).
649 885 799 943 ldoraliter
821 889 919 943 autem
974 885 1128 942 incensum
1139 890 1168 943 et
1182 889 1361 946 sacrificium
1373 891 1409 947 ad
1421 894 1674 964 altare,quatenus
1688 897 1718 950 et
1732 909 1801 950 cru·

93 977 424 1037 incensumdevctionis
441 975 618 1033 adolendum
649 980 694 1032 est
710 975 739 1031 in
767 972 921 1031 thurihulo
974 973 1017 1029 cis
1028 974 1180 1048 signaculo
1195 981 1224 1034 et
1246 978 1342 1034 thuris
1358 979 1478 1036 incenso
1505 980 1656 1039 diabolica
1684 981 1799 1040 treudis

94 1070 202 1137 cordis,
218 1069 286 1142 igne
300 1066 464 1139 charitatis,
480 1069 513 1122 ιιι
526 1065 645 1123 odorem
661 1064 814 1122 suavitatis
835 1063 920 1120 emit·
976 1062 1145 1137 malignitas
1159 1066 1326 1123 extricetur.
1344 1067 1421 1124 sicut
1437 1068 1627 1141 prediximus
1651 1074 1679 1128 et
1701 1073 1801 1130 osten·

94 1159 208 1226 tat;de
224 1174 282 1230 quo
297 1155 369 1213 dicit
388 1154 558 1227 Scriptura:
588 1153 678 1226 Funpi
704 1151 866 1221 sacerdotio,
895 1154 922 1208 et
975 1152 1074 1209 dimus
1089 1154 1125 1209 ad
1138 1153 1165 1209 id
1182 1157 1341 1229 utrumque
1356 1157 1462 1214 valere.

94 1247 193 1303 hahere
208 1245 316 1302 leudem
332 1247 363 1300 in
378 1244 489 1300 nomine
503 1243 601 1316 ipsius,
617 1248 643 1299 st
658 1241 816 1316 offerreilli
827 1242 921 1297 incen-
1278 1245 1389 1302 CAPll'l
1417 1245 1489 1303 le.

94 1354 156 1393 sum
171 1335 292 1406 dippum
306 1337 337 1390 in
352 1334 462 1389 odorem
476 1331 629 1391 suscitetis
640 1332 751 1405 (Eccles.
766 1333 841 1402 xcv).
861 1335 923 1386 Hoc
977 1335 1134 1404 Depclenc.
1146 1349 1232 1405 super
1258 1350 1343 1406 quem
1370 1336 1541 1408 sucrificium
1563 1339 1647 1411 penis
1675 1340 1799 1414 effetus.

94 1425 173 1482 enim
188 1425 342 1482 incensum
358 1422 495 1479 sacerdos
512 1422 629 1494 accipit,
659 1422 688 1478 id
716 1425 762 1478 est
787 1419 923 1476 Christus
1013 1420 1129 1492 Patara,
1142 1438 1207 1494 quse
1222 1422 1331 1479 dieitur
1345 1441 1362 1479 a
1377 1425 1505 1497 petendo,
1522 1443 1572 1482 cor
1587 1427 1721 1485 lutumst
1738 1444 1801 1486 am·

96 1517 238 1587 acceptat,
255 1517 284 1570 et
298 1514 432 1569 incensat
447 1528 480 1568 ex
493 1527 525 1566 co
542 1510 717 1568 sacrificium
729 1515 758 1567 et
772 1508 872 1566 altare.
977 1508 1058 1582 plum
1075 1510 1191 1584 signat;
1208 1528 1297 1585 super
1311 1512 1388 1570 hanc
1404 1517 1551 1587 patenam,
1566 1516 1593 1571 id
1609 1517 1803 1592 estsuperla·

400 1617 510 1674 CAPUT
521 1617 619 1674 [ΜΠ.
976 1598 1133 1656 titudinem
1151 1599 1314 1670 charitatis,
1327 1602 1506 1659 sacrificium
1519 1604 1641 1676 justitie
1656 1606 1744 1664 debet
1757 1607 1802 1664 ul·
1866 1642 1870 1649 .

97 1713 135 1768 De
149 1711 227 1767 modo
240 1712 265 1765 et
279 1707 377 1765 ordine
391 1707 561 1784 sospitatum
576 1705 726 1780 efferendi,
741 1715 767 1762 es
789 1705 823 1763 ae
852 1720 924 1761 com.
939 1711 964 1777 B
978 1689 1056 1755 terri,
1070 1693 1099 1745 ut
1112 1689 1316 1746 holocaustum
1329 1691 1434 1747 enims
1448 1693 1556 1767 pingue
1567 1694 1626 1751 liat.
1638 1695 1719 1753 Hane
1740 1695 1805 1753 leti·

336 1781 464 1835 mistione
479 1795 557 1852 oqssae
571 1783 597 1833 et
611 1780 682 1835 vini.
979 1779 1109 1835 tudinem
1126 1778 1223 1835 cordis
1238 1778 1363 1852 apostoli
1380 1780 1538 1846 habebant,
1554 1799 1619 1840 cum
1630 1787 1734 1842 Petrus
1745 1784 1803 1842 aie·

134 1875 242 1926 Verum
259 1868 332 1924 libet
347 1868 443 1924 adhuc
459 1868 617 1924 oblationis
633 1866 804 1938 mysterium
833 1863 923 1936 expli·
977 1866 1663 1939 bat:Etsioporturritmemcritecum,nocte
1687 1872 1804 1944 nepotc.
1890 1890 1893 1895 ·

99 1976 175 2016 cnse.
191 1959 394 2015 subdiaconus
410 1958 487 2012 enim
505 1956 626 2013 calicem
639 1959 799 2029 preparat,
818 1967 924 2027 panem
978 1955 1116 2012 Similiter
1131 1959 1156 2012 et
1170 1971 1262 2012 omnes
1275 1955 1408 2029 discipuli
1431 1957 1539 2016 cinero
1567 1959 1706 2019 aixerunt,
1738 1965 1805 2020 pm.

99 2055 127 2106 et
143 2049 242 2104 vinum
258 2048 288 2102 in
306 2046 356 2102 illo
372 2045 542 2119 disponens,
558 2045 626 2117 quie
641 2044 783 2100 nimirum
799 2042 844 2100 lex
860 2054 925 2115 que
976 2050 1041 2119 pter
1054 2044 1127 2117 quod
1141 2045 1275 2101 Dominus
1289 2046 1397 2116 intulit,
1408 2046 1520 2104 dicens:
1544 2049 1665 2122 Spiritus
1692 2051 1805 2124 puidam

99 2134 438 2212 persubdiaconumhic
468 2149 594 2207 congrue
621 2132 803 2207 designetur,
832 2130 924 2202 hujus
977 2137 1121 2207 promptus
1134 2135 1496 2205 est,corocuteminfirmc
1513 2138 1621 2210 (dotti.
1638 2142 1726 2214 xxm).
1749 2142 1805 2200 ssd

99 2226 258 2283 oblationis
287 2225 459 2298 mysterium
490 2222 690 2298 presignavit,
709 2223 818 2278 docens
846 2218 924 2291 quod
979 2223 1103 2279 latitudo
1119 2222 1215 2279 cordis
1230 2224 1266 2280 ah
1281 2222 1324 2280 eis
1339 2223 1454 2297 aulugit
1465 2229 1494 2280 et
1510 2225 1607 2297 latuit,
1623 2243 1689 2285 cum
1705 2245 1807 2288 omnes

99 2315 305 2386 Melchisedech,
321 2311 611 2385 reeSotemprotulit
632 2328 733 2385 ponem
760 2315 788 2367 et
815 2308 923 2366 einum.
979 2311 1231 2385 discipulirelinto
1247 2313 1388 2384 magistro
1405 2314 1546 2386 fugerunt
1562 2317 1806 2376 atlaluppumpg

100 2407 169 2463 Erat
186 2407 261 2463 euim
278 2406 331 2460 Dei
344 2402 469 2460 sacerdot
491 2402 626 2457 dilissimi
650 2400 813 2472 (Gen.srv).
843 2396 923 2464 Quod
978 2400 1806 2475 ideopostsusceptsmoblatamsacerdosahsconditsuh

100 2511 250 2568 exponens
264 2492 408 2566 Propheta
422 2491 494 2547 dicit
507 2491 544 2546 ad
555 2490 704 2547 Christum
722 2490 780 2545 :Tu
794 2503 822 2544 es
836 2502 927 2542 socer·
981 2488 1124 2563 corporali
1140 2494 1287 2562 patenam,
1303 2489 1348 2546 rel
1364 2490 1401 2546 ab
1418 2489 1503 2548 altari
1520 2498 1663 2552 ramosam
1685 2496 1806 2552 subdia.

101 2584 149 2641 dos
166 2586 195 2641 in
220 2593 368 2653 eternum,
397 2578 549 2638 secundum
577 2579 703 2636 ordinem
730 2575 926 2634 deletisedech
981 2595 1073 2636 conus
1089 2581 1166 2634 retro
1181 2577 1497 2651 continetinvclntam‚
1514 2597 1566 2654 per
1580 2583 1658 2656 quod
1677 2583 1808 2656 discipu·

102 2672 185 2745 (Psoi
212 2674 277 2742 cxx).
294 2670 441 2727 Diaconus
456 2673 554 2724 autem
584 2666 702 2723 calicem
730 2669 927 2738 preparatum
981 2667 1077 2723 lorum
1094 2666 1163 2738 tuga
1175 2666 1220 2722 vel
1238 2666 1395 2724 latibulum
1412 2668 1595 2743 designatur,
1611 2672 1745 2745 quidum
1759 2689 1808 2731 ve·

103 2761 261 2834 accipiens,
274 2761 304 2816 in
319 2758 404 2817 altari
413 2757 572 2829 componit.
584 2753 727 2819 Quoniam
738 2751 928 2826 Evangelium
981 2773 1047 2813 rum
1060 2755 1237 2813 sncrilicium
1249 2754 1411 2827 offerretur,
1423 2759 1563 2832 fugerunt
1572 2760 1673 2819 relicto
1682 2753 1807 2833 Christo,

103 2853 189 2922 cujus
201 2841 750 2921 estfiguradisconns,hujussacrificii
761 2841 929 2896 ritumcom·
982 2848 1012 2903 at
1022 2844 1174 2902 latuerunt
1183 2843 1263 2902 sicut
1276 2845 1318 2901 eis
1334 2845 1398 2920 ipss
1414 2848 1606 2921 predixerat:
1629 2855 1735 2910 ornnes
1760 2866 1808 2910 nos

103 2938 254 2997 mondavit
268 2936 414 3006 Ecclesia,
431 2950 521 3007 quam
538 2949 589 3005 per
600 2932 789 3002 altaresupra
800 2929 929 2985 diximus
982 2934 1147 2992 scandalum
1159 2934 1305 3005 patientissi
1319 2936 1349 2990 in
1364 2952 1407 2992 me
1421 2936 1453 2992 in
1467 2937 1518 2994 lace
1545 2947 1631 2996 nocte
1661 2940 1809 3014 {Scriptum

104 3028 238 3102 dgnrari.
250 3027 336 3083 Prius
346 3031 445 3081 tamen
456 3023 597 3078 diaconus
606 3025 742 3093 patenam
754 3035 821 3075 cum
832 3016 930 3075 hostia
984 3026 1024 3079 est
1050 3024 1128 3079 enim
1139 3039 1146 3078 ε
1158 3024 1314 3079 Percutiom
1328 3029 1476 3096 pastorem,
1492 3029 1519 3082 et
1530 3027 1720 3101 dispergentur
1748 3043 1810 3088 opu

104 3118 197 3174 tradit
211 3116 358 3188 episcope,
371 3128 459 3185 quem
476 3110 631 3184 episcopus
646 3109 709 3180 ipse
732 3124 821 3178 super
839 3081 967 3163 altareC
986 3113 1089 3184 prepis,
1104 3112 1245 3184 postquam
1259 3116 1352 3168 eutem
1362 3129 1520 3182 surrexero,
1534 3118 1694 3188 praecedam
1716 3135 1764 3176 ρο,
1777 3120 1809 3177 p,

105 3205 249 3280 disponit,
264 3204 422 3259 insinuans
436 3200 513 3274 quod
532 3196 801 3271 ipsemetChristus
816 3197 872 3252 hoc
886 3212 933 3252 ss·
987 3198 1135 3255 deliteam
1150 3197 1253 3271 (tem).
1268 3199 1303 3255 ut
1317 3199 1382 3257 ideo
1412 3203 1548 3260 sacerdos
1578 3207 1733 3263 Cominius
1762 3224 1809 3265 re·
1854 3227 1856 3231 ¹

105 3299 290 3354 crementum
307 3292 436 3365 primum
452 3287 631 3357 instituit‚et
657 3284 788 3341 Ecclesia
812 3284 936 3341 tradidit
988 3287 1178 3345 surrectionis
1194 3288 1592 3363 annuntiaturueeulogium,
1603 3297 1726 3351 resumit
1734 3300 1811 3368 pate-

107 3379 465 3447 celebrandum,dicens:
482 3378 535 3432 llcc
549 3375 680 3445 est1mim
707 3389 804 3445 corpus
832 3388 935 3442 meum,
989 3393 1068 3444 nam,
1086 3375 1233 3450 quiscum
1249 3378 1450 3435 essetsercdic
1476 3381 1525 3436 tlte
1547 3398 1603 3437 unc
1631 3382 1813 3442 thhotorum

110 3472 184 3544 quod
197 3487 246 3541 pro
260 3468 336 3526 uotis
346 3467 484 3535 trudetur,
500 3468 549 3520 hoc
562 3465 647 3536 tacite
660 3462 692 3519 in
705 3478 796 3519 mecm
817 3477 936 3518 cemme-
989 3476 1015 3522 et
1023 3469 1098 3539 tores
1111 3470 1198 3522 essent
1211 3466 1323 3536 clause,
1335 3467 1384 3523 nti
1397 3475 1476 3522 erent
1489 3468 1626 3541 discipuli
1652 3474 1813 3545 concrepate·

111 3560 296 3617 mencionem
323 3558 348 3630 (l
374 3555 434 3613 Cor.
463 3562 514 3618 xx).
540 3553 701 3626 Episcopus
733 3565 840 3624 aquam
868 3550 936 3607 vino
988 3557 1100 3629 prepter
1112 3555 1581 3629 mecnnsataeensm,ne2istesus,
1596 3561 1813 3620 etstcnss’nme-

114 3649 284 3707 commiscet
297 3647 329 3702 in
343 3645 444 3711 calice,
460 3644 530 3717 qnia
542 3640 826 3714 Christuspcpulum
839 3654 937 3695 recon-
989 3647 1035 3701 dic
1046 3645 1127 3700 distr
1140 3643 1198 3700 eis:
1215 3650 1276 3700 Poe
1290 3643 1364 3700 nohis
1377 3645 1465 3715 (toan.
1480 3646 1540 3718 xxl,
1568 3663 1724 3706 resumens
1744 3665 1813 3710 ossa

115 3738 270 3797 cilievitin
287 3732 554 3806 morte.Scriptum
583 3733 629 3787 est
652 3729 729 3786 enim
758 3728 828 3802 quis
855 3745 937 3801 oquae
990 3732 1447 3806 quatrepidsntssaufugerunt.

111 3829 208 3884 multe
221 3828 286 3883 sunt
299 3823 395 3898 pepuli
408 3822 491 3879 multi
500 3821 592 3894 (Aper.
602 3819 654 3892 xi).
684 3819 819 3875 Christus
838 3821 937 3875 autem
1311 3821 1423 3880 cppffl·
1432 3826 1491 3881 Lx·

113 3918 288 3990 sanguinem
303 3930 390 3970 suum
402 3911 505 3970 effudit
519 3926 570 3983 pro
582 3906 700 3983 populo,
716 3906 869 3981 sicutipse
891 3911 936 3963 ts·
1199 3912 1236 3968 pp
1248 3911 1397 3968 sacerdoti,
1412 3911 1603 3971 inopinam·

111 3997 937 4071 etaturzlliceslsnnpuismeusnouitestomenli,puiprc
1027 4002 1110 4058 'lunc
1124 4001 1261 4057 sacerdos
1272 4000 1430 4071 inclinans,
1446 4007 1510 4058 orat
1530 4003 1659 4075 primum
1688 4022 1739 4078 pro
1769 4021 1813 4076 aa,

111 4096 207 4152 mutts's
221 4093 378 4167 effundetur
394 4092 423 4145 in
440 4089 633 4145 remissionem
644 4089 819 4159 pcccatorum
830 4086 926 4157 (llctth
991 4090 1097 4146 deinde
1107 4106 1159 4162 pro
1168 4087 1286 4162 populo,
1295 4105 1418 4145 monens
1430 4099 1459 4145 ut
1471 4092 1598 4162 populns
1607 4097 1669 4149 oret
1678 4094 1813 4166 proipso,

108 4188 196 4253 xxvi).
215 4183 249 4240 m
262 4183 298 4239 ds
314 4181 406 4237 latere
434 4177 543 4234 Christi
560 4173 647 4231 simul
661 4174 749 4231 exivit
763 4173 885 4246 sanguis
909 4177 939 4230 et
990 4177 1212 4249 οιριριιιιιιιιίι,
1224 4192 1276 4249 pro
1290 4192 1343 4243 me,
1357 4179 1468 4246 [ratres
1494 4179 1639 4236 lebamus
1654 4181 1732 4236 enim
1761 4197 1813 4253 pro

106 4290 194 4346 equa,
210 4276 354 4347 quatenus
366 4285 419 4325 nec
435 4266 573 4323 Christus
589 4265 629 4320 sit
642 4265 716 4334 ,sine
743 4262 862 4335 populo,
885 4278 938 4319 neo
990 4265 1114 4322 invicem
1130 4281 1223 4333 orare,
1239 4265 1400 4320 secundum
1416 4264 1594 4338 apostolum,
1610 4273 1643 4324 ut
1666 4268 1815 4327 salvemur

106 4350 937 4436 populussineChristo.Quiacumaquavinomiscetur,
992 4355 1063 4427 (tce.
1082 4352 1208 4422 villam
1237 4356 1266 4408 et
1293 4351 1435 4409 Dominus
1464 4353 1561 4426 inquit
1588 4355 1619 4411 in
1643 4357 1812 4431 Cvsngelio.

105 4450 242 4509 Christus
256 4453 285 4505 et
306 4445 434 4520 populus
446 4445 622 4499 adunentur.
634 4440 742 4496 Verum
753 4438 808 4496 hoc
818 4455 936 4513 quoque
951 4453 973 4518 [ρ
989 4445 1075 4500 Amen
1089 4441 1149 4498 dico
1163 4439 1249 4513 nodia
1264 4441 1329 4513 cuin
1344 4443 1369 4497 si
1381 4440 1435 4498 duc
1449 4442 1491 4499 uel
1504 4447 1559 4499 tres
1578 4449 1766 4503 consenserint
1779 4447 1815 4505 de

109 4538 282 4613 mysterium
298 4536 345 4592 lex
360 4533 488 4591 Moesica
502 4532 620 4604 ssgurat,
637 4529 715 4586 siout
731 4528 849 4600 exponit
859 4532 936 4600 Apo·
989 4533 1068 4589 omni
1081 4548 1111 4588 re
1125 4545 1208 4602 super
1222 4537 1530 4603 terrnmpucmcumque
1538 4532 1679 4603 petierint,
1692 4535 1740 4606 fiet
1750 4535 1815 4594 eiga

107 4629 202 4686 stolus
217 4627 340 4683 dicens:
357 4622 497 4681 dibebant
512 4624 604 4676 cutem
618 4618 650 4675 de
672 4617 817 4690 spirituali
839 4632 936 4674 conse·
989 4623 1074 4677 Perre
1088 4633 1148 4675 meo
1161 4619 1262 4690 petest
1275 4618 1304 4673 in
1320 4616 1398 4674 ecelis
1412 4618 1517 4690 (llcttt.
1532 4622 1625 4694 xvxxi).
1641 4621 1740 4679 Oravit
1759 4641 1815 4682 au·

108 4721 372 4793 quenteeospetru.
390 4717 579 4768 Petrucutem
608 4712 668 4765 erut
697 4706 936 4776 Christusllcor.
990 4705 1815 4786 tematchristusprimumpr0,0‚deind,pmpopu¹0,

109 4818 152 4881 s).
169 4807 354 4878 Quapropter
367 4798 529 4871 ampullam
546 4812 613 4852 cum
635 4811 712 4868 aqua
737 4794 937 4852 subdiaconus
991 4797 1111 4854 dicens:
1127 4801 1221 4862 Peter,
1233 4794 1308 4851 uenit
1320 4793 1398 4861 horo,
1409 4795 1535 4854 clarifice
1550 4800 1654 4855 Filium
1676 4809 1766 4868 tuum,
1786 4805 1816 4857 ut

110 4893 201 4950 tradit
215 4892 366 4964 episcopo,
382 4903 469 4960 quem
485 4886 641 4958 episcopus
652 4882 749 4938 tundit
763 4881 792 4938 in
804 4882 937 4950 calicem,
991 4882 1348 4953 etFitiustuusclarificst
1373 4886 1508 4941 tePcter
1528 4892 1632 4953 sunem,
1659 4904 1739 4945 seme
1770 4904 1817 4945 ees

113 4987 145 5039 ut
160 4982 236 5038 sicut
250 4996 325 5051 aqua
343 4994 400 5033 non
419 4978 599 5047 separatura
613 4972 692 5037 sino,
717 4971 759 5028 sic
785 4987 938 5043 nunquam
993 4990 1058 5047 quos
1071 4972 1169 5029 dedisti
1183 4971 1267 5041 mihi,
1281 4981 1311 5027 ut
1324 4973 1381 5028 sint
1396 4989 1494 5041 unum,
1518 4974 1590 5033 sicut
1611 4980 1637 5031 ct
1658 4993 1706 5032 nos
1721 4978 1814 5046 (teon.

114 5069 241 5144 populus
258 5070 413 5140 separetur
427 5081 443 5119 a
458 5062 583 5118 Christo.
599 5059 678 5115 calix
693 5060 812 5132 ponitur
826 5060 863 5116 ad
873 5060 939 5116 dex·
992 5064 1072 5133 xvir).
1085 5068 1140 5118 Per
1153 5060 1208 5116 hoc
1224 5063 1320 5116 autem
1337 5062 1416 5133 quod
1432 5063 1568 5120 sacerdos
1579 5062 1749 5132 inclinatae,
1762 5064 1817 5120 hu.

115 5164 195 5215 trum
211 5157 289 5214 latus
305 5154 418 5224 oblate,
435 5150 519 5224 quusi
534 5148 710 5224 sanguinem
735 5152 938 5222 suscepturos,
995 5151 1188 5207 milistionem
1204 5147 1312 5205 Christi
1328 5148 1436 5220 signat,
1463 5149 1514 5222 qui
1542 5151 1698 5208 exinanivit
1725 5156 1819 5208 umes.

115 5247 165 5321 qui
183 5248 218 5304 de
233 5246 322 5302 latere
337 5242 444 5299 Christi
461 5241 561 5295 dextro
581 5237 711 5295 creditur
735 5237 780 5293 vel
810 5237 941 5294 cernitur
994 5240 1097 5314 ipsum,
1111 5242 1232 5310 sormam
1244 5239 1316 5294 serui
1330 5239 1479 5310 accipiens,
1493 5243 1584 5308 lactus
1598 5239 1726 5296 obediens
1735 5255 1821 5314 usque

114 5335 300 5410 profluxisse.
318 5333 391 5389 Nam
406 5328 577 5401 siculpauis
589 5327 617 5382 in
630 5343 747 5400 corpus,
759 5327 800 5382 ila
811 5327 941 5398 protecto
994 5328 1032 5386 od
1046 5333 1171 5398 mortem,
1187 5330 1301 5382 mertem
1320 5334 1410 5383 cutem
1435 5328 1525 5381 crescis
1553 5326 1641 5400 (Phil.
1665 5328 1707 5401 u).
1736 5329 1820 5386 Nune

114 5425 215 5483 vinum
227 5417 529 5481 transsubstantiatur
543 5415 862 5488 insanguinem.Porro
873 5431 941 5473 cum
996 5417 1114 5474 tandem
1131 5415 1267 5472 sacerdos
1282 5413 1354 5470 dicit
1368 5414 1531 5470 orationem
1547 5431 1637 5487 quem
1651 5415 1821 5484 intermisit,

114 5515 253 5572 sacerdos
269 5511 376 5583 accipit
391 5512 530 5580 patenam
545 5509 573 5562 et
588 5503 751 5572 urceolum,
767 5502 888 5561 culicem
913 5508 944 5562 et
997 5504 1069 5580 qnia
1081 5510 1152 5563 tunc
1167 5505 1285 5561 demum
1300 5502 1435 5558 Christus
1445 5503 1532 5560 rediit
1542 5503 1774 5580 Hierosolymam
1784 5506 1822 5565 ad

114 5602 321 5666 thnribulum
331 5604 548 5674 patenamnum
565 5592 671 5668 husim,
692 5594 844 5653 urceolum
875 5610 943 5654 cnm
997 5595 1119 5654 domum
1134 5592 1276 5652 cretionis
1284 5606 1373 5663 quem
1381 5590 1416 5648 ad
1428 5594 1547 5666 tempus
1555 5593 1737 5667 deseruerat,
1752 5609 1822 5656 cnm
