3796 5986
141 226 195 285 scr
737 226 1255 311 ap1nrrocsurn1uasensra
1801 223 1850 279 roa

140 350 229 408 tionis
244 351 420 409 senteutiam
432 351 681 426 promulgavitllt
695 350 886 425 licetlegatus
901 350 964 424 ipse
979 351 1006 417 Α
1020 353 1137 406 tautum
1153 350 1279 407 exerevit
1292 348 1418 406 audacia
1440 345 1680 423 malignantium,
1696 345 1778 419 qnod
1794 362 1849 404 nou
1872 334 1892 413 ¹,

26 434 29 441 ’
138 440 359 514 archiepiscopo
375 459 427 515 pcr
447 443 559 498 litteras
581 441 775 514 promisisset,
791 442 870 514 qnod
886 440 965 514 apud
1020 424 1892 506 sotumadreaeoolesiaaticasavioasmsnusextenuant,s

40 1622 43 1627 ·
141 1601 257 1671 bemus,
273 1618 332 1658 nou
356 1600 500 1657 voluntati
524 1618 596 1672 sue,
612 1602 663 1659 sed
687 1600 807 1657 utilitati
831 1605 860 1657 et
879 1597 967 1656 saluti
1024 1617 1088 1657 mos
1104 1601 1134 1657 in
1148 1610 1243 1658 vestra
1257 1600 1381 1659 ecclesia
1395 1600 1525 1672 inolevit,
1537 1606 1570 1658 ut
1583 1616 1650 1658 cum
1665 1598 1776 1673 aliquia
1789 1615 1849 1655 ma·

139 545 208 587 eum
224 531 259 586 de
283 537 386 589 catera
411 549 463 604 pro
488 531 552 604 ipso
569 549 625 589 uon
652 532 849 604 interponeret
869 534 967 603 partes
1021 533 1050 585 et
1064 547 1117 601 pro
1133 546 1186 586 suo
1200 528 1343 603 diripiunt
1358 528 1478 586 arbitrio
1501 525 1671 598 voluntatis,
1688 527 1750 584 imo
1764 525 1847 583 etiam
1876 520 1881 527 ’

139 636 221 690 suas,
237 637 298 676 suae
314 625 410 677 tamen
427 620 629 693 promissionis
640 620 761 692 oblitus,
778 624 967 677 mutatocon·
1020 618 1159 676 ecclesias
1175 625 1203 677 et
1224 619 1426 692 possessiones
1451 635 1553 677 aarum
1578 616 1665 691 quasi
1678 616 1800 689 signum
1815 617 1848 673 ad
1873 646 1892 695 4

140 709 220 780 silio,
237 710 266 766 in
282 713 347 782 ejus
362 694 495 767 absentia
509 711 606 783 ipsum
619 710 745 767 absolvit
759 716 788 766 et
802 710 836 765 ad
853 707 964 766 exami·
1021 707 1158 780 sagittam
1174 713 1328 782 ponentes,
1338 710 1415 766 viros
1428 707 1581 782 religiosos
1596 706 1663 765 odio
1678 703 1848 764 exsecrabili
1871 722 1892 783 Ἰ

142 800 291 857 nationem
306 800 415 873 negotii
432 805 543 857 certum
568 801 646 857 diem
661 804 691 856 et
706 800 803 856 locum
825 800 855 854 iu
870 798 968 854 verda
1022 806 1254 870 prosequuntur,
1270 803 1408 855 sanctum
1420 814 1521 856 eornm
1533 797 1625 855 otium
1641 795 1782 868 nequiter
1792 810 1849 867 per·
1872 788 1877 807 ⁸

142 889 260 961 utrique
276 890 404 961 partium
429 888 599 962 assignavit.
625 888 767 946 Caeterum
793 904 859 944 cum
876 885 968 943 archi·
1021 884 1849 960 turbantes.thuouiambajasmodibomiueslicetcen·
1874 919 1892 957 Ε

140 977 297 1050 episcopus
313 978 400 1051 legati
421 995 453 1034 se
476 978 647 1050 conspectui
663 981 881 1050 preasentasset,
898 976 968 1047 quia
1022 982 1144 1031 senatur
1159 976 1286 1033 nominis
1301 977 1468 1044 christiani,
1483 994 1502 1033 a
1514 975 1621 1033 christi
1643 980 1745 1031 tamen
1759 970 1850 1045 operi·

140 1082 208 1122 cum
222 1066 278 1122 sibi
293 1067 670 1138 seusitadversum,utp0te
685 1066 812 1138 quicum
829 1065 968 1121 inducere
1022 1064 1078 1122 bus
1094 1069 1163 1121 sunt
1178 1064 1278 1134 alieni,
1295 1066 1427 1123 laetantes
1443 1082 1509 1123 cum
1535 1063 1612 1122 male
1627 1062 1762 1130 iecerint,
1779 1066 1809 1118 et
1822 1061 1849 1118 iu
1874 1100 1892 1137 ῃ

142 1171 176 1212 ac
191 1171 294 1229 cogere
308 1157 474 1224 videbatur,
488 1162 520 1212 ut
535 1156 633 1228 ipsum
649 1157 685 1212 de
696 1154 742 1210 bis
758 1172 821 1228 qua
837 1154 968 1211 abstula·
1022 1154 1111 1209 rebus
1127 1153 1265 1227 pessimis
1280 1154 1473 1225 exsultantes,
1488 1160 1517 1212 et
1539 1152 1683 1213 admoniti
1699 1151 1850 1224 etapium
1876 1190 1892 1228 Ι

141 1247 187 1301 rat
202 1245 377 1314 infeudaret,
394 1246 428 1301 ad
446 1245 544 1301 sedem
557 1243 747 1317 apostolicam
763 1241 930 1316 appellavit.
1023 1258 1077 1300 sua
1092 1243 1196 1299 nolunt
1210 1243 1352 1301 desistere
1371 1244 1523 1317 pravitate,
1539 1242 1674 1301 nolentes
1688 1239 1850 1314 intelligere
1875 1252 1892 1319 ’Ξ

176 1337 252 1391 Saue
268 1339 531 1407 quantumcunque
546 1334 699 1407 prelatum
715 1333 852 1390 comitem
867 1332 896 1388 in
911 1336 967 1388 Do·
1023 1336 1056 1388 ut
1071 1332 1143 1388 bene
1159 1337 1266 1406 agant;
1292 1334 1342 1390 sed
1368 1334 1554 1407 iniquitatem
1569 1332 1599 1389 in
1624 1333 1687 1390 suis
1702 1328 1849 1388 cubilibus
1878 1358 1892 1407 Ε

143 1423 223 1479 mino
237 1422 407 1496 diligamus,
422 1423 493 1496 quia
516 1429 614 1480 tamen
639 1422 770 1480 ecclesiis
785 1429 812 1479 et
836 1420 906 1478 viris
921 1437 967 1477 ce·
1023 1421 1211 1491 meditantes,
1228 1439 1293 1478 curn
1310 1422 1547 1480 malefactoribus
1563 1422 1647 1496 ipsis,
1663 1421 1743 1478 sicut
1757 1425 1850 1476 vestra
1878 1466 1892 1502 ῑ

141 1510 314 1570 clesiaetieis
330 1511 440 1583 injure
455 1529 509 1568 suo
520 1513 623 1568 deesse
634 1528 686 1568 nec
700 1511 836 1568 volumus
853 1527 905 1566 uec
920 1511 969 1565 de·
1023 1511 1163 1568 relatione
1176 1511 1353 1579 didicimus,¹
1364 1528 1416 1585 per
1429 1529 1480 1570 ves
1495 1512 1631 1570 resistere
1646 1527 1706 1568 non
1716 1507 1848 1584 possitis
1883 1554 1892 1594 Ξ

140 1691 239 1763 potius
262 1688 460 1756 consulentes,
475 1690 572 1747 eidem
598 1707 649 1762 per
672 1690 833 1763 apostoliea
856 1688 969 1762 scripta
982 1733 1006 1800 B
1022 1687 1847 1763 letactorrcsmonasteriivestrioccupatperviolentiam,
1881 1645 1892 1774 ξ

145 1782 351 1838 mandarimus
366 1789 395 1838 et
412 1783 468 1838 sub
483 1798 518 1837 ea
533 1799 591 1853 qua
607 1798 766 1854 possumus
782 1780 967 1837 districtione
1021 1778 1066 1835 vel
1081 1779 1245 1852 diripitper
1253 1780 1398 1852 rapinam,
1408 1780 1576 1836 etmonitus
1587 1777 1669 1836 vobis
1678 1777 1851 1836 satisfacere
1883 1854 1887 1859 Ι

140 1870 345 1942 praecepimus,
361 1876 394 1926 ut
407 1870 488 1926 omni
510 1871 696 1926 excusatione
710 1874 856 1937 cessante,
870 1868 966 1926 archi·
1022 1885 1080 1924 uon
1097 1873 1243 1940 procurat,
1259 1885 1310 1925 voa
1325 1868 1525 1926 inmissurum
1541 1865 1850 1937 solemniie,cumPa·
1883 1914 1892 1937 ,ἵ

139 1959 277 2031 episcopo
291 1958 348 2031 ipsi
364 1958 460 2015 ablata
475 1958 611 2015 restituat
626 1959 763 2015 universa
777 1964 806 2014 ct
821 1958 857 2014 ab
873 1958 966 2030 ipsius
1021 1957 1059 2013 tri
1074 1957 1166 2013 Filius
1182 1974 1234 2029 pro
1251 1957 1354 2014 muudi
1370 1958 1500 2015 reatibus
1521 1955 1704 2026 immolatur,
1720 1954 1850 2012 ecclesia

139 2048 176 2104 dc
190 2053 293 2104 cetero
306 2046 512 2104 molestatione
523 2047 655 2104 desistat.
668 2050 774 2105 Contra
786 2064 854 2105 eum
867 2052 966 2104 tamen
1022 2045 1190 2119 pavimento
1205 2046 1403 2119 prosternitis,
1415 2051 1445 2104 et
1459 2064 1511 2119 pro
1527 2044 1775 2121 persequentibus
1789 2059 1851 2101 exo·

139 2138 256 2209 dejure
276 2153 331 2193 auo
346 2138 454 2209 poterit-
476 2137 578 2194 ordino
598 2137 769 2210 judiciario,
784 2137 807 2193 ai
832 2136 966 2203 voluerit,
1022 2135 1104 2201 ratis,
1121 2135 1222 2192 oculos
1245 2134 1376 2193 levantes
1400 2137 1436 2193 ad
1461 2135 1632 2203 Dominum,
1656 2138 1684 2192 et
1700 2132 1850 2191 humiliter
1887 2130 1892 2222 ξ

139 2227 274 2301 experiri.
290 2227 430 2292 Quocirca
445 2226 614 2283 discretioni
625 2231 728 2282 vestra
744 2243 795 2298 per
805 2225 967 2298 apostolica
1021 2224 1232 2297 supplicantes,
1243 2226 1373 2283 utvestri
1386 2226 1518 2284 misereri
1533 2226 1681 2299 dignetur,
1697 2224 1748 2297 qui
1760 2238 1862 2303 propa·
1887 2274 1892 2307 ,

19 2340 49 2355 ··
138 2314 965 2388 scriptapraecipiendomandamus,quateuussisaepe·
1021 2318 1066 2370 est
1080 2314 1286 2371 invocantibus
1306 2316 1405 2388 ipsum
1430 2316 1460 2371 in
1485 2316 1618 2386 veritate,
1633 2313 1849 2371 timentinmse

138 2403 237 2461 dictus
252 2421 351 2462 comes
363 2404 510 2474 palatinus
523 2406 603 2476 quud
615 2405 821 2461 mandavimus
837 2404 967 2477 neglexe·
1021 2404 1136 2477 peragit
1149 2404 1325 2477 voluntates,
1342 2408 1371 2461 et
1385 2405 1533 2463 orationes
1548 2404 1793 2472 exauditeornm,
1809 2401 1850 2458 ia·
1890 2464 1892 2475 ¹

138 2493 177 2550 rit
198 2494 369 2567 adimplere,
399 2511 449 2550 vos
478 2501 610 2550 revocato
635 2494 665 2549 in
690 2499 802 2550 statum
832 2493 965 2549 debitum
1021 2493 1101 2549 ciens
1118 2510 1166 2550 eos
1181 2493 1287 2551 salvos.
1305 2495 1376 2551 Cum
1391 2493 1482 2568 igitur
1506 2510 1656 2568 orarepro
1672 2507 1851 2566 persequen·
1890 2546 1892 2553 .

138 2581 282 2654 quidquid
298 2585 365 2654 post
379 2581 605 2654 appellationem
616 2583 652 2637 ad
670 2598 724 2638 nos
735 2582 864 2654 legitime
879 2580 965 2637 inter·
1021 2580 1101 2638 tibus
1117 2598 1174 2638 nou
1191 2582 1286 2640 solum
1311 2587 1466 2658 precepto,
1486 2601 1588 2641 verum
1610 2584 1701 2641 etiam
1716 2580 1850 2654 exempla

138 2671 266 2745 positam
281 2671 450 2728 inveneritis
464 2676 653 2740 attentatum,
664 2671 775 2744 ipsum,
785 2670 900 2727 sublato
911 2687 965 2742 ap·
1021 2671 1173 2728 Dominico
1188 2672 1445 2743 instruamur,n0s
1458 2673 1641 2746 premissam
1658 2669 1848 2730 consuetudi·

139 2760 305 2833 pellationis
320 2759 482 2827 obstaculo,
494 2761 806 2816 excommunicationis
820 2759 966 2818 sententia
1021 2776 1088 2815 uam
1106 2760 1182 2832 piam
1197 2776 1261 2816 essa
1275 2763 1439 2831 credentes,
1455 2762 1644 2834 presentium
1655 2761 1738 2818 vobis
1748 2766 1852 2818 aucto·

140 2849 315 2922 percellatis,
327 2853 432 2905 terram
443 2867 532 2921 quarn
548 2850 665 2919 invasit,
677 2850 850 2905 auctoritate
866 2853 965 2905 nostru
1020 2848 1107 2904 ritate
1115 2849 1314 2918 concedimus,
1326 2855 1474 2923 quatenus
1487 2866 1551 2907 eam
1561 2851 1683 2909 minime
1693 2849 1851 2917 deseratis,

139 2939 264 3006 sutiulti,
294 2938 450 2995 interdicto
478 2939 676 2995 ecclesiastico
710 2943 908 3011 supponentes
937 2944 966 2993 et
1021 2936 1071 2991 ssd
1087 2936 1183 3009 ipsam
1198 2937 1351 2995 humiliter
1374 2956 1407 2995 ac
1431 2940 1533 2996 devote
1556 2938 1756 2997 servetiszita
1772 2938 1851 3011 quod

140 3032 295 3101 utramque
308 3028 480 3084 sententiam
493 3045 584 3099 nsque
596 3029 631 3084 ad
648 3029 879 3084 satislaetiouem
894 3043 964 3084 con·
1021 3024 1202 3082 orationibus
1218 3025 1323 3083 vestris
1348 3044 1365 3082 a
1388 3027 1465 3085 malo
1490 3034 1662 3087 revocentur
1676 3025 1785 3101 iniqui,
1800 3042 1851 3084 ros

139 3133 245 3192 gruem
260 3117 386 3190 singulis
401 3117 504 3174 diebus
514 3117 674 3175 Dominicis
689 3123 718 3175 et
733 3118 856 3188 festivis,
869 3102 1002 3189 pulsa-G
1021 3116 1121 3184 optata
1135 3130 1206 3187 paca
1222 3115 1361 3172 fruamini
1375 3132 1409 3171 ac
1424 3116 1534 3189 quiete.

139 3205 178 3264 tis
194 3207 347 3280 campanis
364 3211 393 3263 et
415 3206 545 3263 candelis
570 3207 712 3278 accensis,
728 3206 899 3263 solemniter
914 3221 967 3277 pu·
1057 3207 1163 3259 Datum
1179 3202 1315 3261 Laterani
1330 3221 1351 3261 11
1365 3205 1436 3262 Idus
1460 3204 1581 3278 Aprilis,
1596 3204 1788 3278 pontificatus
1801 3222 1852 3264 no·

141 3295 295 3364 blicantes,
312 3296 459 3353 mandetis
477 3296 685 3353 inviolabiliter
700 3294 858 3353 observari.
874 3292 967 3350 Nullis
1021 3291 1075 3349 stri
1086 3308 1163 3349 anuo
1178 3308 1230 3348 vn.

108 3453 112 3461 ‚
141 3383 248 3442 litteris
261 3385 377 3443 veritati
395 3390 424 3441 et
443 3385 566 3457 justitia
590 3386 852 3458 praejudicantibus
867 3401 885 3440 a
899 3370 972 3440 seda*
1378 3410 1488 3471 LXXV·

140 3472 302 3548 apostolica
315 3474 490 3547 impetratis.
510 3475 592 3540 Quod
609 3475 634 3530 si
649 3491 707 3532 non
724 3474 811 3530 ambo
825 3472 873 3530 his
888 3489 968 3530 exse·

141 3563 268 3635 quendis
281 3563 415 3636 poteritis
435 3563 587 3634 interesse,
603 3562 676 3619 alter
698 3567 828 3619 vestrum
843 3579 878 3619 ea
892 3562 967 3618 nihi·
1021 3532 1063 3589 Ad
1075 3533 1187 3590 Melam
1209 3537 1336 3605 ’ΨΜ
1359 3537 1493 3594 Fiam·
1519 3567 1555 3579 “
1581 3537 1614 3596 Ψ
1633 3535 1722 3612 ΡΜ
1734 3537 1851 3611 ''lidii''

139 3651 271 3709 lominus
286 3656 473 3724 exsequatur.
1282 3607 1357 3677 ‘⁸th
1370 3608 1581 3666 Pontiniawm.

178 3740 285 3797 Datum
301 3741 448 3812 Laterani,
464 3740 554 3797 Nonis
578 3741 696 3814 Aprilis,
714 3741 902 3815 pontificatus
915 3758 965 3797 no·
1171 3723 1266 3792 (iim¹⁰
1282 3723 1361 3780 ¹2⁰4·
1380 3724 1525 3798 Lliffl'flnb
1540 3724 1630 3798 Alll'ss·
1641 3725 1701 3799 Ἃ)

143 3831 197 3887 stri
213 3846 291 3889 anuo
306 3848 355 3889 vu.
1156 3840 1298 3912 [linares.
1315 3842 1388 3917 lte.
1403 3842 1541 3913 amena,
1555 3843 1605 3913 llI,
1620 3843 1713 3916 laea]

457 4025 462 4035 Ι
496 3927 614 3985 LXXIV
1059 3955 1250 4014 Innocurrrrua
1258 3959 1426 4032 episcopus,
1438 3976 1540 4017 servus
1552 3976 1705 4019 servorum
1715 3959 1851 4033 licieba-

141 4029 182 4086 Ad
194 4027 316 4103 priorem
330 4026 363 4083 ἅθ’
378 4027 526 4083 Chamm-
542 4057 577 4067 ·
595 4027 733 4098 ‘iillwbssl
745 4026 968 4084 ⁶⁰⁷2⁸¹⁸⁰²¹²dlt²0m
1022 4041 1146 4100 rissimae
1163 4045 1193 4100 iu
1207 4046 1322 4104 Christo
1338 4047 1452 4106 filia...
1469 4048 1578 4106 illustri
1600 4051 1707 4124 regina
1722 4054 1850 4111 Franco·

348 4102 447 4155 ‘mmm
461 4114 510 4169 m
524 4098 758 4209 males‘fmnbf‘*
1023 4148 1101 4201 rum,
1116 4133 1241 4191 saliam
1258 4140 1287 4191 et
1302 4136 1495 4207 apostolicam
1514 4139 1759 4199 benedictionem.

289 4200 386 4270 (⁸⁰⁰⁰
402 4197 480 4252 ¹2⁰4·
499 4201 641 4268 mmm*
657 4197 748 4270 Apin·
766 4198 821 4270 ¹2)
1058 4220 1217 4279 Consuevit
1229 4240 1358 4281 annuere
1373 4227 1458 4282 sedes
1473 4227 1635 4300 apostolica
1646 4228 1704 4302 piis
1718 4232 1806 4299 votis,
1821 4235 1852 4288 et

142 4305 286 4379 [Maraeu.
303 4305 430 4362 Tbcsoar.
450 4304 589 4388 incedat..
606 4305 627 4374 Ι,
654 4305 718 4373 795,
743 4322 777 4362 ex
792 4323 848 4362 ms.
864 4303 969 4362 Chari·
1023 4308 1156 4367 honestis
1184 4313 1342 4385 petentium
1363 4315 1498 4387 praeibas
1523 4316 1651 4375 favorem
1674 4319 1850 4378 benevolum

511 4376 604 4448 tm]
1023 4398 1178 4472 impertiri.
1190 4402 1361 4477 llepropter,
1369 4403 1544 4462 charissima
1552 4406 1582 4462 iu
1593 4406 1709 4465 Christo
1719 4409 1791 4479 fllia,
1802 4411 1852 4467 de·

179 4485 371 4541 Inncesrrrrus
385 4483 667 4556 episcopusservus
683 4502 833 4541 servorum
849 4485 910 4553 Dei,
925 4485 969 4541 di·
984 4470 1008 4535 Ι)
1023 4490 1172 4546 votiongm
1196 4507 1286 4563 quam
1311 4507 1382 4566 „ga
1404 4496 1618 4554 monasterium
1640 4497 1804 4557 pontium,
1821 4506 1853 4560 οι

143 4570 228 4629 lectis
242 4572 312 4629 liliis
328 4572 417 4644 priori
426 4572 616 4629 etcouvontui
624 4573 827 4644 deCharitate,
842 4574 968 4632 salutem
1023 4579 1127 4634 iratres
1143 4579 1194 4651 qui
1204 4581 1450 4653 jugiterDominn
1465 4584 1648 4642 famulantur
1657 4586 1781 4659 ibidem,
1795 4590 1854 4647 hg.

144 4666 172 4717 ⁰¹
187 4662 379 4734 llllostolicam
394 4661 638 4719 benedictionem.
1023 4665 1091 4721 bere
1105 4667 1297 4741 dignosceris,
1314 4672 1510 4746 attendentes,
1525 4673 1585 4730 tuis
1601 4673 1657 4746 piis
1673 4677 1854 4750 postulatio.

180 4752 210 4809 Si
215 4752 299 4824 justa
310 4748 363 4806 tllii
371 4749 709 4821 hominumjudioarent,
720 4757 747 4806 et
757 4752 971 4808 animadverte·
1024 4752 1111 4810 nibus
1126 4753 1465 4828 elementerannuimus,
1477 4762 1650 4821 auctoritate
1661 4768 1852 4839 praesentium

143 4838 542 4913 rentdiligenterimpeusam
552 4838 607 4894 sibi
618 4839 740 4909 gratiam
753 4839 968 4913 Redemptoris,
1023 4841 1241 4913 inhibentea,ue
1252 4846 1319 4917 quis
1330 4848 1514 4920 postobituru
1528 4854 1613 4908 tuum
1624 4851 1767 4912 tratribus
1777 4856 1855 4929 ipsis

144 4930 195 5003 qui
205 4947 256 5003 pro
266 4929 350 4985 uobis
359 4928 788 5001 tradiditsemetipsum,usque
799 4930 835 4985 ad
844 4933 968 4986 mortem
1023 4931 1268 5005 impedimentum
1280 4935 1399 5007 aliquod
1408 4937 1516 4996 iuicrre
1526 4946 1695 5015 presumat,
1706 4944 1778 5015 quia
1791 4962 1858 5004 eor.

144 5021 239 5075 iactus
253 5018 405 5083 obediens,
421 5021 455 5072 ut
468 5033 521 5071 uos
536 5017 572 5072 de
588 5016 699 5072 inimici
715 5018 851 5074 faucibus
867 5018 969 5074 libera·
1024 5037 1079 5093 pus
1096 5025 1181 5077 tuum
1196 5022 1227 5078 iu
1242 5040 1342 5080 eorum
1362 5027 1540 5084 monasterio
1551 5029 1638 5100 juxta
1651 5035 1732 5088 tuam
1747 5033 1854 5108 dispo.

144 5114 197 5175 ret,
214 5115 347 5165 sanctam
363 5104 534 5170 Ecclesiam,
550 5121 688 5176 sponsum
711 5105 786 5178 ejus,
802 5124 890 5179 quam
907 5108 970 5180 ipse
1024 5109 1290 5168 sitiouemlibaram
1301 5113 1699 5187 habeatsepulturam.ltulli
1710 5135 1855 5195 ergoom.

144 5198 261 5269 proprio
276 5193 582 5270 sauguinededicavit,
592 5200 621 5249 et
631 5195 659 5249 in
673 5211 707 5251 aa
722 5197 899 5254 famulantes
909 5203 970 5253 stu·
1024 5199 1093 5254 nino
1109 5198 1264 5256 homiuum
1279 5201 1365 5257 liceat
1380 5200 1455 5259 hauc
1465 5204 1604 5277 pagiuam
1619 5212 1726 5265 nostra
1741 5210 1854 5269 inhibi-

144 5285 247 5341 dsreut
262 5285 437 5359 propensius
453 5283 605 5349 honorare,
622 5292 709 5356 atque
725 5285 874 5343 alaesione
889 5287 969 5359 ipso·
1025 5287 1115 5342 tionis
1129 5287 1299 5362 intringere,
1316 5290 1360 5346 vel
1375 5292 1401 5347 si
1426 5308 1501 5348 ausu
1525 5296 1681 5354 temerario
1695 5298 1854 5361 contraire.

145 5390 212 5430 rum
228 5391 296 5430 suas
322 5374 504 5430 retraherent
525 5369 644 5442 penitus
666 5371 841 5430 voluntates.
863 5373 970 5431 Verum
1024 5376 1053 5432 Si
1069 5377 1135 5449 quis
1151 5384 1249 5435 autem
1264 5380 1320 5436 hoo
1339 5385 1484 5437 attentare
1506 5388 1741 5458 presumpserit,
1755 5387 1857 5465 indig-

145 5463 224 5535 quod
240 5462 371 5519 dolentes
387 5462 703 5528 referimustantaest,
718 5463 970 5536 peceatisexigen·
1025 5466 1173 5524 nationem
1197 5470 1409 5542 omnipotentis
1434 5471 1483 5528 bei
1502 5476 1531 5528 et
1554 5473 1706 5533 beatorum
1732 5477 1810 5536 Petri
1825 5484 1859 5541 et

146 5551 238 5622 tibus,
254 5568 333 5608 nunc
355 5552 467 5610 malitia
482 5549 636 5609 bominum
659 5556 882 5625 superterram,
898 5558 927 5610 et
940 5553 970 5610 in
1026 5554 1108 5611 Pauli
1123 5556 1323 5630 apostolorum
1338 5561 1402 5633 ejus
1414 5576 1446 5619 se
1461 5560 1575 5620 novarit
1587 5562 1792 5626 inemptum,
