3796 5986
147 265 204 327 9⁵5
800 272 1008 330 innocuum
1025 277 1066 333 ιιι
1084 278 1198 335 rara.
1817 270 1857 330 ou

149 410 188 452 ne
200 401 249 452 tuo
263 392 391 451 intendis.
413 391 477 450 Non
502 409 534 450 ea
559 393 702 463 crudelia,
722 394 772 452 aed
795 394 880 466 pium
906 396 976 470 quia
989 400 1017 468 Α
1031 399 1195 458 caritatem.
1211 400 1252 458 De
1268 399 1441 459 ferientibus
1453 398 1562 456 dicitnr
1575 414 1583 454 :
1597 394 1854 468 ”subinnuit

148 501 279 561 prospere
293 483 428 559 procedes.
446 485 509 544 Non
529 502 560 542 ea
584 491 739 559 tyrannus,
752 487 803 544 aad
819 487 956 562 princepe
970 506 978 560 ;
1031 488 1098 560 deae
1111 497 1176 547 sunt
1190 491 1263 547 mibi
1277 491 1486 561 etconfirmosti
1495 503 1581 561 super
1591 502 1637 546 me
1647 503 1774 543 monum
1785 491 1856 549 ltu.
1881 554 1885 573 Ι

148 575 218 650 quia
239 591 370 648 prospere
389 592 499 646 requos.
526 575 589 632 Non
615 591 647 633 ee
674 575 772 645 fallax,
796 578 846 633 aed
870 595 977 652 verax;
1031 576 1071 635 iia
1081 578 1464 653 succendentibuelegitur:
1485 578 1508 616 ¹¹
1518 577 1638 652 Sopittae
1645 578 1857 651 pounnsamu
1881 614 1886 677 Ι

147 665 218 738 quia
233 664 355 723 intendis
365 665 513 722 secundum
524 667 679 722 ueritutem.
692 665 755 723 Non
766 682 798 724 aa
809 665 976 740 impatiens,
1031 683 1093 725 eum
1108 669 1271 727 corbonibus
1285 668 1478 727 desolatoriis.
1497 668 1574 724 Audi
1591 666 1747 741 sagittam
1769 665 1856 724 lecim

147 756 197 814 aad
214 758 409 824 mansuetum
431 754 502 826 quia
515 754 643 827 procedis
655 755 804 812 secundum
816 761 977 813 mansuetu·
1031 762 1090 815 tem
1106 761 1141 816 ad
1157 759 1361 833 paenitentiam
1373 775 1382 816 t
1395 758 1542 816 Genimino
1556 758 1581 795 ¹¹
1609 756 1791 830 apusorum
1806 759 1856 828 qais

148 844 253 903 dinem.
277 843 977 918 Noneeiniquue,aedjuatue;quiarepnasse·
1030 847 1122 906 docuit
1137 851 1455 920 uostupereauenturo
1470 849 1539 904 iro?
1549 847 1649 905 Facite
1682 848 1858 920 eroum

147 935 266 994 cundum
281 935 431 1001 iustitiam.
445 933 479 990 lit
494 933 635 1006 quoniam
651 933 720 992 talia
734 951 777 1003 ee,
788 935 904 992 decora
918 945 976 1008 tuo,
1029 936 1127 1010 dipnos
1140 938 1321 1012 ponitentiae.
1338 937 1459 996 Intende
1474 939 1509 994 ad
1524 936 1673 1011 sagittam
1683 936 1858 993 succenden-

148 1010 178 1081 id
190 1028 237 1081 eet
250 1023 380 1097 potentia
395 1027 447 1080 tua
462 1041 469 1091 ;
496 1022 545 1079 illa
561 1023 704 1090 videlieet,
721 1024 756 1080 de
772 1041 829 1098 qua
844 1025 952 1083 dicitur
967 1043 975 1085 :
1029 1027 1294 1085 temadcaritatem
1307 1044 1314 1085 :
1327 1027 1622 1101 Siquis¹¹dilioitme,
1634 1040 1791 1083 sermones
1802 1041 1861 1083 mess

148 1118 265 1174 Dextera
276 1125 327 1173 tuo
340 1117 407 1186 serit
419 1115 571 1179 uirtutem:
586 1116 701 1174 deutero
716 1117 829 1173 Domini
840 1117 976 1176 exultauit
1028 1116 1158 1190 servabit,
1171 1126 1198 1175 et
1213 1120 1295 1175 Potor
1308 1133 1385 1175 meus
1394 1116 1493 1190 dilipet
1506 1132 1579 1187 enm,
1595 1125 1625 1173 et
1638 1114 1683 1173 ud
1697 1130 1766 1173 eum
1780 1114 1862 1172 mis·

147 1220 191 1262 me
204 1224 216 1262 .·
239 1205 417 1274 mirabiliter,
432 1204 461 1260 id
477 1209 523 1261 eat
538 1221 589 1278 per
603 1204 756 1275 miracula,
772 1211 798 1263 te
812 1206 928 1264 deducet
939 1208 975 1266 de
1029 1223 1100 1276 mas,
1114 1217 1140 1264 et
1154 1209 1327 1265 mansionem
1341 1207 1420 1280 opud
1447 1222 1510 1263 eum
1527 1207 1682 1276 sociemus.
1705 1205 1791 1263 lianc
1804 1218 1862 1278 ergo

146 1295 244 1352 verbio
259 1296 293 1351 ad
311 1311 409 1366 opera,
426 1295 461 1351 de
478 1299 571 1351 morte
591 1296 628 1352 ad
653 1296 755 1363 vitam,
768 1296 803 1352 de
827 1297 913 1353 terrie
938 1299 974 1354 ad
1029 1297 1166 1369 sagittam
1184 1301 1304 1354 noverat
1318 1295 1380 1368 iila,
1396 1294 1583 1369 quaedioebat
1596 1294 1863 1352 :¹¹b'sslnerutusuu
1889 1364 1892 1381 Ι

147 1384 246 1450 ooeioa,
257 1385 295 1440 de
304 1385 413 1442 ludaeis
424 1385 460 1439 ad
471 1384 589 1455 Gentes,
602 1401 766 1446 nerouraua
777 1386 867 1442 totiua
878 1392 972 1443 terrm.
1027 1388 1156 1443 caritate.
1173 1387 1314 1453 Quocirca
1329 1385 1444 1459 populos
1458 1383 1575 1457 eagittis
1593 1381 1784 1456 huiuamodi
1807 1382 1862 1439 vul·

146 1474 220 1530 Nam
243 1475 280 1530 de
301 1479 329 1530 te
353 1472 494 1543 scriplum
517 1477 581 1530 eat:
598 1473 607 1508 ¹
631 1472 780 1546 Stupebant
807 1489 909 1540 omnen,
925 1477 975 1547 qui
1028 1479 1120 1531 neret.
1138 1476 1193 1531 Sub
1205 1480 1232 1531 te
1245 1475 1354 1542 cadent,
1367 1474 1396 1530 id
1412 1479 1457 1530 eat
1469 1472 1681 1530 humiliabunt
1696 1488 1732 1530 ae
1756 1471 1861 1530 tibiis

35 1582 40 1599 ¹
146 1579 210 1619 eum
234 1563 397 1631 audiebant,
411 1578 494 1634 super
514 1562 672 1635 prudentia,
696 1567 722 1620 ct
744 1563 880 1636 responsis
903 1566 971 1637 ejus.
1026 1566 1116 1631 eorde,
1132 1564 1177 1621 uel
1193 1565 1223 1621 in
1238 1566 1322 1621 cordo
1338 1565 1518 1621 inimicorum
1532 1579 1616 1635 repes.
1643 1563 1670 1600 ¹¹
1703 1561 1861 1619 Diverailss

149 1651 464 1710 metamaucensem
480 1655 555 1708 sunt.
573 1653 644 1707 item
662 1652 673 1687 ¹
699 1653 804 1725 llepleti
824 1662 889 1710 sunt
913 1670 971 1710 om·
1025 1652 1140 1727 littera,
1155 1653 1353 1711 diversitatem
1371 1658 1491 1727 generat
1505 1651 1692 1721 intellectae,
1709 1656 1742 1709 et
1755 1668 1859 1709 uena·

145 1757 193 1799 nes
207 1745 316 1810 timore,
332 1743 472 1798 dicentes:
488 1741 562 1810 Quia
577 1740 699 1798 uidimus
710 1742 855 1800 mirobilio
881 1742 969 1799 bodie.
985 1777 1009 1842 B
1025 1743 1095 1800 dum
1113 1749 1269 1817 utramque
1284 1743 1413 1800 litteram
1428 1742 1545 1799 duobus
1573 1741 1675 1799 modia
1707 1741 1859 1799 ordinatur

144 1830 210 1888 Tibi
226 1832 312 1889 etiam
330 1830 436 1887 dictum
452 1835 516 1887 eet:
542 1832 553 1866 ¹
568 1832 675 1887 Innouo
693 1832 784 1902 sipno,
799 1839 826 1888 et
849 1831 969 1888 immuta
1023 1833 1214 1891 constructio.
1231 1837 1304 1890 Nam
1319 1831 1343 1888 ai
1354 1832 1470 1888 dicatur
1483 1832 1514 1886 in
1528 1829 1620 1898 eorde,
1636 1829 1715 1889 talia
1732 1840 1780 1888 eat
1795 1845 1858 1887 aen·

145 1920 308 1982 mirabilia:
323 1920 393 1992 quia
407 1923 438 1975 tu
455 1934 543 1991 opera
564 1916 616 1974 ilia
638 1920 650 1952 1
674 1917 779 1991 leoieti,
795 1935 860 1992 qua
882 1936 968 1976 nemo
1019 1939 1087 1980 aua:
1103 1922 1206 1994 Populi
1219 1921 1262 1979 tui
1277 1921 1408 1993 peransei
1424 1919 1542 1992 eagitlia
1556 1919 1668 1992 cudent,
1687 1919 1721 1976 id
1738 1924 1788 1978 eet
1802 1919 1853 1976 aa·

145 2007 223 2066 allus
251 2025 392 2081 umquam
423 2007 500 2064 lenit.
526 2006 641 2065 Dedecet
664 2024 730 2080 ergo
753 2011 779 2065 te
801 2011 970 2066 mirabiliter
1019 2011 1548 2069 miliahunturinoordeinimicorum
1569 2008 1658 2080 mois,
1693 2009 1726 2066 id
1756 2014 1803 2068 eat
1827 2010 1853 2066 ia

123 2089 131 2107 ‘
146 2096 264 2155 deutero
278 2102 338 2154 tuo.
1019 2103 1106 2160 eorde
1120 2119 1186 2166 auo.
1201 2100 1252 2174 qui
1267 2104 1338 2158 aunt
1351 2098 1462 2157 inimici
1474 2098 1561 2171 regie,
1575 2097 1604 2155 ld
1615 2105 1660 2156 eal
1668 2098 1792 2156 inimici
1802 2098 1851 2166 tul,

180 2187 319 2256 ¹Sopittae
341 2191 398 2245 tuae
422 2190 519 2252 acuta,
533 2188 731 2259 potentissime,
755 2188 851 2260 populi
873 2187 922 2244 sub
945 2196 970 2245 te
1021 2191 1071 2264 qui
1085 2192 1209 2248 eallex¹¹
1219 2204 1430 2262 mapnussuper
1439 2203 1533 2246 omnes
1543 2186 1660 2261 populos
1668 2206 1682 2252 ,·
1699 2194 1732 2245 at
1742 2189 1851 2246 dentde

144 2275 246 2332 cadent
260 2275 291 2331 ia
305 2275 387 2332 eorda
401 2274 578 2331 inimicorum
594 2276 676 2346 repis.
686 2274 716 2331 Si
733 2285 970 2346 perannaturum
1021 2279 1264 2351 inimiciaamlci3
1281 2284 1313 2336 ut
1327 2278 1377 2336 ubi
1393 2277 1475 2353 priua
1494 2277 1691 2349 erigebantur
1713 2277 1797 2346 elatt,
1815 2276 1852 2334 ibi

144 2363 322 2438 intelligitur
336 2363 424 2421 Sacra
437 2363 598 2438 Scriptura,
615 2365 812 2435 percupidum
828 2365 914 2421 debet
928 2365 971 2421 in·
1021 2387 1099 2427 nuno
1114 2369 1310 2427 humilientur
1324 2367 1420 2424 devoti
1445 2367 1521 2424 sicut
1543 2366 1665 2434 Paulus,
1694 2367 1749 2441 qui
1772 2366 1850 2441 prius

144 2452 236 2527 telligi
253 2470 349 2511 nermo
372 2452 502 2509 Divinae.
516 2453 599 2509 Tunc
614 2452 692 2510 onim
708 2452 745 2509 de
760 2470 830 2511 arcu
847 2454 971 2528 eagittaa
1020 2464 1145 2529 erectae,
1157 2460 1277 2516 tandem
1289 2456 1475 2524 humiliatae,
1485 2455 1847 2530 cmlituaemiaaaaagitla,

143 2542 319 2610 emittimus,
331 2558 399 2600 oum
414 2541 450 2598 de
466 2546 554 2598 Sacra
573 2541 723 2615 Scriptura
739 2544 825 2600 uerba
850 2542 970 2616 proleri·
1021 2549 1109 2605 corde
1125 2564 1284 2621 perouaeue
1299 2544 1404 2604 cecidit
1418 2545 1520 2602 dicens
1530 2564 1540 2601 .·
1555 2546 1578 2582 ¹¹
1587 2543 1717 2612 Domine,
1733 2545 1851 2619 quidone

144 2648 223 2689 mua.
240 2631 324 2690 Hunc
340 2647 451 2699 eroum,
462 2635 491 2687 et
505 2631 559 2687 has
574 2632 698 2704 sagittae
714 2638 843 2700 noverat,
858 2633 909 2705 qui
923 2633 970 2689 di·
1021 2637 1064 2694 nis
1077 2636 1191 2708 taceret
1204 2635 1256 2693 Vei
1273 2636 1378 2700 aliter:
1393 2633 1496 2708 Populi
1507 2634 1694 2692 inimicentur
1715 2634 1800 2708 repa,
1824 2633 1851 2690 id

142 2722 229 2778 cebet
245 2737 251 2776 :
275 2723 287 2758 ¹
302 2722 402 2778 Arcum
416 2737 499 2777 suum
516 2720 638 2788 tetendit,
651 2729 680 2777 et
692 2721 800 2792 paravit
824 2720 910 2780 ilium
914 2763 968 2779 .....
1023 2730 1068 2784 eat
1084 2725 1168 2782 multi
1184 2725 1220 2783 de
1235 2724 1364 2782 inimicia
1381 2725 1454 2795 luia,
1470 2723 1521 2796 qui
1535 2740 1567 2781 ee
1583 2724 1768 2794 lleellepum,
1791 2724 1849 2780 11ι1

144 2812 260 2881 sooiltos
276 2827 340 2867 suas
354 2810 517 2866 ardentibus
531 2809 630 2883 edocit.
643 2814 704 2867 Duo
716 2827 783 2867 vero
796 2816 866 2869 aunt
880 2811 910 2867 in
926 2829 971 2868 aa·
1022 2815 1153 2873 Dominus
1167 2813 1383 2880 dominantium,
1398 2813 1497 2870 cadent
1511 2812 1561 2869 sub
1575 2816 1613 2879 te,
1627 2812 1718 2870 ideal
1742 2829 1849 2888 euppo·

144 2899 236 2973 gitta3
250 2898 412 2970 lignum,et
424 2899 543 2955 lerrum.
557 2899 682 2972 Lignum
698 2899 841 2956 directum
858 2905 891 2956 ut
905 2917 970 2973 per·
1023 2907 1093 2961 nent
1104 2919 1136 2959 ae
1151 2903 1204 2960 tibi
1217 2921 1225 2972 3
1237 2903 1267 2958 in
1281 2904 1371 2969 corde,
1387 2900 1415 2958 id
1430 2905 1520 2959 estex
1535 2902 1642 2970 eorde;
1662 2902 1721 2960 boe
1747 2907 1794 2960 eat
1820 2918 1853 2960 ex

144 2992 222 3046 volet
233 3005 240 3045 ι
252 2993 281 3044 et
292 2989 402 3045 farrum
415 2992 546 3056 acutum,
558 2993 591 3044 ut
602 2993 749 3061 penctrot;
767 3007 830 3063 quae
841 2991 898 3046 duo
910 3006 970 3046 aer·
1023 2992 1261 3065 voiuntate,quia
1277 3008 1342 3048 cum
1351 2991 1556 3064 enteropoaait
1565 2989 1655 3047 homo
1665 2990 1853 3060 nolana,cre·

144 3077 222 3134 moni
238 3078 337 3135 divino
352 3084 431 3135 recte
444 3078 632 3135 conveniunt.
646 3081 794 3150 Scriptum
809 3085 854 3138 eat
868 3080 966 3137 enim:
1023 3082 1092 3138 dere
1108 3098 1164 3137 non
1183 3085 1278 3153 puteat
1291 3080 1347 3136 niei
1363 3079 1485 3137 volens:
1507 3081 1670 3136 voluntarie
1695 3081 1718 3118 ¹¹
1745 3082 1852 3151 sacrifi·

141 3167 152 3203 ¹
168 3167 221 3236 Qui
234 3166 336 3223 emittit
358 3167 499 3239 eloquium
522 3183 604 3222 suum
629 3171 717 3233 ternu,
734 3169 861 3226 velociter
880 3169 968 3226 currit
983 3148 1005 3216 c
1023 3170 1092 3228 eobo
1106 3171 1168 3236 tibi,
1183 3178 1209 3227 et
1224 3171 1372 3240 confitebor
1384 3170 1495 3227 nomini
1507 3171 1564 3236 tuo,
1578 3171 1705 3239 bomine,
1721 3173 1853 3245 quoniam

141 3272 231 3314 sermo
245 3272 313 3328 epus.
326 3257 417 3313 item:
436 3256 517 3313 Vinus
540 3265 580 3313 est
597 3272 687 3314 sermo
713 3258 769 3326 liei,
780 3267 807 3315 et
819 3259 930 3330 eticae,
944 3262 970 3316 et
1022 3259 1122 3317 bonum
1137 3266 1186 3315 est.
1202 3258 1229 3314 Si
1245 3275 1313 3315 vero
1328 3258 1446 3314 dicatur
1456 3258 1588 3328 incordo,
1598 3257 1852 3319 taliaeateeneua:

139 3345 341 3419 penetrabilior
354 3346 431 3400 omni
451 3344 544 3416 plodio
566 3347 695 3415 ancipiti.
710 3348 758 3404 Ait
782 3347 860 3404 enim
874 3365 881 3404 t
896 3347 970 3406 Vere
1023 3348 1122 3417 Populi
1135 3349 1187 3405 sub
1202 3359 1229 3404 te
1242 3347 1339 3404 cadent
1349 3349 1380 3404 in
1394 3347 1486 3417 eorda,
1502 3348 1532 3404 id
1543 3352 1590 3405 eet
1618 3352 1725 3405 contra
1751 3351 1851 3422 eorda,

22 3486 25 3491 .
140 3434 253 3493 deducet
266 3439 292 3493 te
305 3435 475 3492 mirabiliter
494 3436 609 3492 oenum
632 3444 689 3503 tuo,
704 3437 897 3510 qulasoqittae
913 3441 969 3496 tuae
1021 3436 1201 3495 inimicorum
1217 3436 1311 3510 repis:
1326 3436 1353 3493 id
1370 3442 1532 3494 eatcontra
1546 3435 1728 3495 voluntatem
1754 3438 1852 3495 lniml·

138 3531 226 3583 acutae
249 3530 330 3594 eunt,
347 3525 376 3582 id
401 3529 447 3583 eet
470 3526 558 3582 verba
573 3530 624 3582 tua
636 3532 708 3584 sunt
723 3527 925 3602 penetrabilia,
940 3531 970 3584 et
1021 3544 1121 3585 corum
1137 3531 1273 3593 tuorum;
1290 3541 1347 3581 non
1364 3525 1461 3582 nolum
1484 3525 1665 3589 Scribarum,
1687 3530 1719 3583 et
1742 3527 1849 3585 Phari·

139 3615 361 3685 eompunctiva:
379 3619 543 3688 penetrant.
554 3614 644 3682 enim,
657 3621 689 3673 ut
706 3619 906 3691 pertimerem
921 3616 969 3672 in·
1020 3633 1156 3684 amorum,
1168 3631 1267 3672 verum
1283 3614 1369 3671 etiam
1388 3613 1512 3688 Regum,
1528 3619 1556 3672 et
1570 3613 1756 3686 Principum,
1779 3616 1848 3690 qui·

141 3704 298 3761 traducant
312 3720 461 3772 amorem
479 3708 508 3760 et
522 3711 737 3778 compungunt,
754 3710 786 3762 ul
806 3724 857 3778 per
877 3707 968 3778 poeni·
1020 3704 1252 3762 busnolentibua
1262 3708 1290 3760 et
1301 3702 1641 3778 prohibentibua,populi
1652 3704 1849 3764 crediderunt

140 3791 265 3849 tentiam
283 3791 733 3865 tribuantindulgentiamunbt
751 3795 969 3868 sagittamque
1018 3795 1283 3864 colieperuntenim
1309 3792 1333 3828 ¹¹
1360 3792 1506 3864 Pontifices
1534 3798 1562 3850 et
1589 3794 1732 3852 Pburisaei
1756 3795 1850 3852 aunei·

139 3885 286 3955 peuetrat,
301 3884 330 3936 et
344 3880 535 3952 compungit:
562 3883 661 3938 Omnis
682 3884 775 3949 orbor,
791 3884 802 3918 ¹
824 3898 888 3957 quae
912 3900 967 3940 non
1020 3885 1100 3953 lium,
1111 3889 1138 3940 et
1151 3881 1298 3939 dicebant:
1313 3881 1384 3951 Quid
1391 3884 1520 3953 iacimus,
1530 3883 1598 3955 quio
1609 3883 1654 3938 bic
1665 3884 1748 3941 bomo
1762 3885 1851 3942 multo

138 3970 208 4044 tecit
220 3973 344 4042 traceam
354 3969 466 4034 bonum,
477 3969 629 4037 excidetur,
642 3977 669 4028 et
685 3973 716 4028 in
728 3971 821 4042 ipnem
831 3975 966 4030 mittetur·
1017 3974 1098 4046 sipno
1124 3974 1216 4043 fucit?
1238 3973 1303 4029 Ecce
1328 3971 1448 4028 mundus
1476 3972 1501 4008 11
1515 3976 1587 4029 totus
1603 3977 1663 4045 poet
1682 3988 1749 4031 eum
1763 3974 1849 4031 obiit.

139 4063 212 4116 Item
226 4077 232 4118 :
249 4061 271 4097 ¹¹
287 4058 362 4132 Quid
374 4057 485 4132 prodest
499 4058 616 4128 bomini,
626 4059 652 4116 si
662 4059 794 4116 mundum
807 4064 967 4120 uniuersum
1019 4063 1049 4119 Si
1060 4062 1232 4119 dimittemus
1246 4061 1270 4097 11
1283 4077 1347 4118 eum
1361 4060 1387 4116 si
1401 4077 1495 4117 omnes
1508 4060 1618 4118 credent
1640 4062 1671 4118 in
1697 4077 1773 4119 eum.
1796 4061 1850 4120 vel

140 4150 276 4217 lueretur,
291 4148 396 4208 unimae
418 4164 482 4205 uero
510 4165 569 4206 cua
592 4148 791 4207 detrimentum
815 4153 942 4223 potiatur
957 4157 967 4208 1
1018 4151 1121 4209 aliter:
1137 4151 1237 4220 Populi
1251 4150 1301 4207 sub
1316 4151 1460 4217 tecodent,
1477 4149 1505 4206 id
1522 4155 1567 4206 eet
1580 4150 1633 4207 tibi
1650 4166 1683 4209 ae
1704 4151 1849 4222 subdent,

139 4244 295 4314 Propterea
315 4237 384 4295 dicit
409 4238 523 4311 Sponsa
536 4237 566 4294 in
583 4237 729 4297 Canticie:
745 4240 766 4276 ¹¹
781 4240 881 4297 Animo
903 4257 967 4299 mea
1018 4240 1214 4316 quiasopittae
1228 4250 1282 4297 tua
1294 4243 1381 4297 acuta
1394 4240 1490 4296 inlisae
1505 4243 1577 4297 aunt
1589 4239 1621 4296 in
1648 4240 1849 4298 cordaiaimi·

139 4328 288 4401 liquefacta
303 4335 351 4397 est,
364 4333 393 4383 ut
408 4327 524 4384 dilectus
537 4343 612 4384 meus
629 4328 734 4385 locutus
748 4333 790 4385 est
803 4348 811 4385 ι
826 4329 966 4402 loquente
1016 4348 1111 4390 eorum
1121 4332 1208 4404 repis.
1222 4329 1251 4385 id
1267 4333 1312 4386 eat
1326 4328 1540 4386 tranadxerunt
1554 4329 1644 4387 eorda
1654 4328 1848 4389 inimieorum

139 4417 249 4491 quippe
264 4415 379 4486 dilecto,
396 4417 496 4473 anima
512 4415 657 4490 liquescit,
669 4417 736 4488 quia
750 4420 873 4475 verbum
889 4419 965 4476 Divi·
1016 4425 1134 4478 tuorum
1152 4420 1187 4475 ad
1204 4417 1416 4491 paenitentiam.
1432 4417 1457 4454 ¹¹
1480 4417 1601 4474 Cadunt
1628 4417 1710 4484 boni,
1735 4420 1850 4478 cadunt

138 4523 210 4564 num
227 4521 277 4562 cor
295 4505 457 4562 humanum
474 4504 635 4571 mollificat,
650 4511 679 4563 et
695 4524 745 4579 per
759 4509 963 4582 compunctio·
979 4527 1003 4593 ῃ
1018 4507 1106 4566 mali:
1122 4509 1171 4565 aad
1188 4509 1256 4566 boni
1271 4505 1300 4563 in
1317 4506 1433 4573 iaciem,
1449 4505 1519 4563 mali
1535 4507 1646 4564 uadunt
1666 4513 1846 4567 retroneum.

139 4594 965 4670 nieardorem,utiniquitetiadeponatduritiam,etper
1018 4597 1297 4670 Debonieiegitur:
1313 4596 1335 4633 ¹¹
1351 4595 1519 4653 Ceciderunt
1550 4595 1581 4652 in
1603 4598 1694 4668 socies
1715 4613 1793 4665 suus,
1821 4603 1847 4656 et

136 4682 267 4742 caritatis
280 4684 432 4753 fervorem,
443 4687 477 4739 ut
488 4683 611 4756 justitiae
627 4684 751 4742 iormam
767 4685 965 4759 accipiatlbu·
1018 4688 1205 4744 adorauerunt
1225 4685 1367 4743 Deum.De
1383 4684 1469 4741 malie
1485 4683 1641 4758 legitur:¹¹
1657 4685 1847 4745 Abierantre·

135 4770 202 4845 plcx
217 4774 296 4831 enim
313 4790 387 4830 unua
401 4773 526 4846 sagitta,
541 4774 576 4830 ad
603 4775 780 4843 leniendum,
796 4780 825 4832 et
840 4792 963 4832 aucoen·
1017 4784 1146 4843 trorsum,
1162 4783 1188 4832 et
1201 4774 1359 4832 oeciderunt
1372 4772 1403 4829 ιἰι
1417 4777 1531 4830 terrem.
1548 4773 1620 4831 Bonl
1635 4788 1705 4832 vero
1734 4777 1846 4833 cadunt

134 4864 282 4922 dandum:
300 4863 431 4920 feriendo
448 4861 565 4936 plagam
583 4862 699 4937 infligit,
715 4869 744 4921 et
758 4867 962 4922 succendendo
1017 4866 1073 4922 eub
1087 4863 1214 4928 Christo.
1230 4869 1259 4921 et
1271 4862 1500 4921 antechristum
1512 4881 1521 4932 3
1534 4861 1845 4922 malioaduntachri·

134 4952 284 5012 dammam
302 4953 460 5010 immittit:
481 4952 552 5025 quia
566 4969 663 5010 aermo
677 4954 800 5010 Divinus
816 4954 961 5028 plagando
1016 4958 1073 5023 ato,
1093 4958 1122 5011 ct
1135 4969 1226 5028 euper
1238 4953 1397 5011 Christum.
1412 4951 1454 5009 De
1468 4951 1554 5009 bonia
1569 4951 1746 5011 cedentibus
1773 4953 1845 5028 legi·

134 5041 251 5101 leritad
268 5041 749 5117 pmnitentiam,etintlammand0
764 5042 961 5101 succenditad
1016 5042 1269 5118 turtl’opulisub
1284 5041 1500 5099 tecudentslit:
1526 5040 1551 5078 ¹¹
1577 5040 1762 5101 Procidumus
1781 5051 1848 5103 nats

172 5334 237 5391 111ι
279 5377 285 5388 .
302 5334 338 5391 be
347 5336 479 5405 potestate
493 5332 646 5399 abusionis,
661 5349 721 5403 quae
734 5338 890 5391 removetur
903 5351 919 5390 o
934 5348 1041 5407 sponso.
1056 5333 1068 5370 ¹
1083 5332 1157 5391 Psoi.
1174 5331 1236 5390 117.
1254 5332 1297 5388 lb.
1312 5329 1450 5390 'taccu
1467 5330 1510 5388 17.
1526 5328 1539 5366 1
1552 5328 1620 5389 ibid.
1635 5330 1663 5397 5,
1677 5330 1724 5389 29.
1739 5330 1844 5394 ¹lieeia

135 5348 328 5471 36,6.1Ἑιαιι.
348 5408 379 5462 15
393 5406 439 5470 21,
453 5407 464 5440 ¹
480 5406 571 5474 Marg.
588 5405 729 5462 laudatur
752 5405 870 5476 Sponsus
884 5406 919 5463 ob
934 5406 1097 5462 armatura¹
1112 5405 1187 5463 Ptol.
1219 5408 1245 5470 ’1,
1263 5403 1306 5461 13.
1322 5406 1374 5460 ets
1410 5446 1417 5460 .
1432 5400 1563 5461 ¹Psu1m.
1581 5403 1641 5471 ll'l,
1658 5403 1701 5462 15.
1718 5404 1744 5444 ¹¹
1756 5407 1841 5473 llebe,

134 5476 161 5541 1,
180 5479 222 5532 12.
244 5476 264 5512 11
281 5474 363 5531 dotti
387 5478 415 5545 3,
440 5478 483 5534 10.
502 5477 726 5547 1111131326.
741 5477 840 5551 ¹¹Cop.
856 5479 885 5541 5.
900 5476 1083 5536 6.11Ριιι1ιιι.
1099 5477 1186 5548 31,3.
1203 5476 1226 5513 11
1241 5476 1384 5532 Ρια1ιιι.11
1409 5476 1459 5544 ,1.
1477 5476 1498 5512 ¹¹
1513 5474 1677 5545 Lucem,
1692 5486 1721 5535 et
1742 5493 1803 5555 sep.
1817 5480 1843 5521 11

134 5549 175 5606 lo.
192 5547 236 5617 11,
250 5546 296 5604 23.
315 5546 335 5582 11
352 5546 432 5603 tant.
447 5551 476 5616 2,
490 5551 518 5605 5.
535 5549 559 5586 11
572 5548 664 5624 Marg.
681 5550 808 5621 Quotuor
824 5549 1046 5624 modiseocpoait.
1061 5550 1085 5586 ¹¹
1099 5550 1204 5606 Psalm.
1218 5548 1264 5606 91.
1280 5548 1307 5605 3.
1320 5548 1343 5585 ¹¹
1359 5547 1418 5605 Act·
1444 5549 1537 5622 epae.
1549 5547 1578 5618 9,
1606 5546 1635 5605 d.
1647 5546 1670 5585 ¹¹
1692 5548 1840 5629 llimotb,

133 5620 161 5696 b,
178 5620 222 5681 15.
238 5619 264 5656 ¹¹
277 5617 385 5678 Psalm.
401 5620 448 5696 93,
462 5620 526 5679 8.11
540 5623 581 5680 lo.
597 5622 627 5681 11
633 5665 641 5697 ,
657 5623 701 5680 17.
718 5622 741 5660 ¹¹
751 5622 819 5682 ibid.
832 5623 877 5697 12,
894 5623 972 5682 1911
984 5621 1054 5685 ibid.
1072 5621 1115 5698 ll,
1130 5620 1175 5679 18.
1190 5620 1212 5657 11
1228 5620 1322 5700 liturg.
1338 5623 1380 5682 De
1392 5634 1468 5680 cust.
1483 5618 1507 5659 ¹¹
1520 5620 1603 5697 Apte.
1616 5618 1645 5697 b,
1661 5620 1706 5683 ib.
1845 5650 1856 5661 ·

77 5896 195 5926 Α
