3796 5986
9 2048 11 2057 Ι
59 1973 127 2029 verit
142 1972 349 2029 incursurum.

9 2174 13 2193 .
59 2152 198 2219 cambris,
215 2151 405 2225 pontificatue
421 2150 514 2208 nostri
529 2167 606 2207 anno
622 2154 734 2208 octavo.

59 234 117 293 15³

646 238 950 296 euremarus(-
970 266 1005 281 -
1022 242 1084 297 stt.
1104 239 1185 298 imo.

1714 236 1771 297 itt

56 361 138 418 lecto
153 358 216 417 illio
231 359 265 418 n.
281 358 361 416 tituli
375 359 592 418 SS.Msrcsllini
605 363 633 417 et
663 359 740 417 Petri
769 360 890 434 presby·
902 364 930 432 Α
946 362 1013 420 inde
1027 364 1201 436 proveniant
1215 364 1306 420 divini
1323 362 1456 420 numeris
1483 361 1693 421 emolumenta.
1708 368 1768 424 m·

58 456 124 507 tsro
140 449 296 518 cardinali,
307 449 459 507 casinensi
474 449 584 519 abbati,
601 449 725 507 salutem
735 455 764 507 ct
774 456 890 524 aposto·

57 539 150 597 licam
166 539 409 596 benedictionem.

93 630 212 696 Quanto
222 628 437 685 monasterium
446 628 604 686 Casiuense
614 628 771 701 specialius
782 629 818 684 nd
830 629 890 685 iio·

59 734 179 776 mansan
197 716 355 775 occissiam
372 717 453 774 nullo
478 718 604 792 pertinet
631 720 790 785 mediante,
807 723 889 774 tanto

59 809 124 866 suis
138 808 277 865 volumus
292 808 447 865 sollicitius
462 808 707 865 indemnitatibus
719 824 888 881 precavere.

60 902 132 955 cnm
147 898 241 971 igitur
250 898 371 970 quidam
384 899 632 970 predecessorum
643 906 760 955 tuorum
772 914 889 972 posses·

62 987 160 1046 aiones
177 986 349 1053 nonnullas,
364 986 460 1044 etalio
474 989 551 1044 bona
562 989 732 1045 monasterii
751 989 890 1044 casinen·

944 453 1018 510 verit
1031 454 1130 527 itaque
1144 460 1205 511 tam
1221 470 1351 527 presens
1366 459 1436 511 etas
1451 468 1539 525 qnam
1556 455 1657 511 lutura
1671 460 1769 527 poste·

944 544 1027 614 ritas,
1043 545 1121 615 quod
1133 544 1256 616 antiqua
1266 543 1470 601 Olomucensis
1480 542 1615 601 Ecclesis
1626 560 1769 602 renovan-

944 636 988 688 tes
1005 632 1164 705 privilegis,
1180 648 1283 689 omnes
1298 632 1499 706 possessiones
1514 635 1579 704 ejus
1594 632 1710 691 habitas
1724 632 1770 691 vel

944 721 1106 790 habendos,
1123 725 1183 780 sire
1198 724 1259 778 sint
1274 724 1303 778 iu
1320 722 1454 779 Buhemia
1469 721 1529 778 sice
1544 723 1574 778 in
1584 722 1721 793 llorsvia,
1732 723 1769 779 ab

944 811 1024 866 omui
1040 827 1145 882 genero
1161 812 1349 880 tributorum,
1366 811 1563 883 vectigalium,
1579 811 1770 868 collectarum

943 898 1128 972 aliarumque
1140 900 1273 956 ciuilium
1285 902 1468 957 exactionum
1480 916 1545 956 esse
1555 899 1706 957 absolutas
1718 901 1771 958 de·

943 989 1102 1057 ceruimus,
1119 989 1291 1061 adjicientes
1303 994 1334 1045 ut
1346 988 1445 1045 nullus
1454 1005 1506 1061 pro
1518 994 1682 1045 castrorum
1696 990 1771 1047 adi·

62 1077 101 1135 sis
115 1093 272 1150 perperam
296 1076 440 1133 alienasse
463 1077 609 1144 dicautur,
633 1076 663 1132 iu
688 1092 775 1150 grave
792 1077 889 1149 ipsias
944 1077 1771 1151 ficatione,velreedificatione,siveproaliquaiugruen·

63 1165 889 1240 monasteriipraeJudicinmdistraxisse,auctoritatetibi
944 1168 1165 1240 tiexpeditiono
1185 1169 1349 1225 secundum
1379 1169 1458 1239 quod
1487 1167 1617 1240 antiquis
1637 1167 1771 1227 contine·

63 1255 253 1329 presentium
264 1253 500 1327 indulgemus,ut
510 1255 802 1328 alienationesipsas,
814 1270 889 1327 quas
944 1261 993 1313 tur
1007 1255 1177 1329 privilegiis,
1193 1257 1329 1313 homines
1344 1257 1569 1330 episcopatuset
1579 1255 1706 1314 ecclesie
1717 1273 1771 1314 su·

63 1344 147 1403 intui
165 1344 339 1401 monasterii
354 1344 543 1417 dispendium
574 1344 688 1402 noveris
718 1350 888 1411 attentatas,
944 1346 1200 1419 deatinquietare.
1220 1347 1364 1419 Jusquod
1393 1346 1479 1402 datur
1508 1361 1560 1418 pro
1585 1345 1680 1417 capite
1709 1345 1771 1404 sisa

63 1435 110 1492 tibi
126 1433 229 1502 liceat,
241 1433 359 1491 sublato
369 1432 575 1506 appellationis
586 1432 889 1505 obstaculo,legitime
943 1453 996 1509 pro
1013 1436 1087 1506 lure,
1103 1435 1145 1492 vel
1162 1452 1214 1508 pro
1226 1436 1312 1493 Swod
1325 1434 1462 1508 principi,
1478 1432 1522 1489 vel
1537 1436 1604 1506 ejus
1626 1433 1771 1492 iubeneo·

62 1539 208 1582 revocare.
224 1521 304 1579 Nulli
319 1540 388 1596 ergo
404 1524 525 1579 omnino
540 1523 695 1580 hominum
709 1522 795 1579 liccat
814 1523 889 1578 hauc
944 1525 1039 1593 cistis,
1051 1523 1208 1581 venerabili
1225 1526 1301 1597 putri
1317 1528 1417 1581 nostro
1432 1523 1561 1581 auberto
1589 1524 1726 1598 episcopo
1741 1527 1771 1582 et

8 1684 10 1695 Ι
62 1612 317 1688 paginamnostroe
327 1611 706 1687 concessionisinlringere,
717 1612 762 1669 vel
777 1611 802 1668 ci
814 1628 888 1669 ausu
943 1615 1008 1687 ejus
1019 1614 1239 1672 successoribus
1251 1620 1280 1671 et
1294 1614 1422 1671 ccclesia
1438 1613 1638 1670 concessimus
1664 1629 1770 1688 perpe-

60 1703 218 1760 temerario
236 1702 393 1759 contraire.
409 1703 439 1758 Si
455 1702 522 1776 quis
538 1708 636 1760 autem
658 1702 715 1758 hoc
745 1706 889 1758 attentare
944 1708 994 1760 tuo
1009 1705 1213 1761 obtinendum.
1231 1703 1289 1760 Hoc
1300 1709 1463 1762 statuentes
1475 1703 1583 1760 delere
1598 1703 1664 1760 siin
1677 1702 1770 1759 mde-

60 1792 295 1867 presumpserit,
311 1791 545 1865 indignationem
560 1790 771 1864 omnipoteutis
786 1791 848 1862 Dei,
860 1795 889 1848 et
944 1793 1007 1850 licio
1022 1793 1111 1849 inerit
1126 1793 1328 1866 deprehensus
1338 1809 1460 1849 manens
1471 1793 1501 1849 in
1514 1792 1630 1865 prediis
1640 1791 1770 1849 ecclesie

60 1885 214 1940 beatorum
231 1882 307 1938 Petri
323 1886 352 1938 ct
368 1880 451 1938 Pauli
466 1881 667 1954 apostolorum
682 1881 747 1954 ejus
775 1898 806 1938 se
831 1897 887 1936 no·
942 1883 1003 1940 sivo
1018 1883 1163 1955 capiatur,
1179 1889 1207 1940 et
1225 1899 1323 1941 eoram
1346 1883 1460 1955 judicio
1487 1882 1687 1950 convincatur,
1703 1882 1769 1954 ejus

942 1971 1768 2045 bainaluris(sic)remanesnt,ipseverosecundumquod

90 2061 203 2119 Datum
222 2062 331 2131 Rome,
347 2061 575 2134 npudsanctum
587 2060 888 2128 Petrumvlduslle·
942 2063 1086 2137 placuerit
1099 2062 1223 2135 principi
1240 2062 1390 2134 puniatur.
1406 2062 1435 2117 Si
1450 2078 1517 2118 vero
1545 2061 1680 2119 homines
1704 2060 1768 2135 opi·

435 2257 504 2316 cvl,
941 2242 1015 2299 biles
1030 2241 1226 2312 inveniantur,
1244 2258 1296 2297 nec
1311 2241 1406 2311 nobis,
1419 2256 1471 2297 neo
1485 2241 1635 2312 judicibus
1659 2238 1769 2297 nostris

941 2159 1080 2226 scopatae
1095 2162 1124 2209 et
1137 2151 1265 2209 ecclesia
1280 2152 1310 2208 iu
1326 2151 1426 2224 aliquo
1437 2149 1769 2224 coremjudiciocnlps·
1873 2155 1876 2159 '

60 2378 94 2435 ld
103 2376 317 2433 olomucensem
331 2374 495 2446 episcopum.
511 2405 547 2416 -
559 2374 679 2430 Litteras
694 2373 793 2445 quidm
821 2379 889 2430 Pre-

90 2449 231 2520 myslces,
246 2448 489 2518 nocimentorum,
503 2448 626 2504 ecclesie
641 2445 827 2502 otcmucemis
851 2447 888 2501 ti-

93 2523 217 2577 berteies
232 2526 258 2575 et
273 2521 461 2575 immunitates
475 2517 605 2588 edocete,
620 2517 796 2589 redditusque
814 2534 889 2589 pras-

89 2595 231 2667 posr'terae
241 2592 413 2663 assignavit,
428 2592 581 2662 confirmet.

107 2702 208 2771 (Anno
227 2697 305 2754 1206.
323 2696 433 2764 Rome,
449 2714 496 2770 ap.
521 2697 549 2752 S.
565 2699 696 2764 Petrum,
712 2696 778 2752 an.
795 2695 834 2766 8.)

62 2806 193 2879 [masa.
222 2804 312 2861 Codex
339 2802 486 2875 diplomat.
512 2806 539 2858 et
565 2803 722 2874 epistolaris
749 2802 888 2869 dornale,

90 2877 241 2934 Olomucii
259 2876 338 2946 lese,
354 2877 398 2931 ιιι
416 2879 438 2931 t.
455 2875 491 2944 ll,
510 2892 537 2947 p.
553 2875 599 2929 ll.
615 2892 649 2930 es
665 2873 800 2946 originali
828 2891 891 2929 mu·

942 2331 1163 2403 curialibusque
1178 2329 1222 2386 vel
1234 2330 1449 2387 inbeneficiatis
1460 2328 1571 2401 aliquid
1583 2329 1652 2385 inde
1662 2343 1768 2401 prove·¹
1862 2396 1866 2407 ,

943 2421 1005 2476 aiat
1020 2418 1166 2490 utilitatis,
1180 2419 1231 2475 sed
1247 2421 1324 2491 apud
1340 2419 1511 2491 episcopum
1528 2423 1557 2474 et
1571 2417 1636 2490 ejas
1651 2432 1768 2474 succes·

942 2525 1025 2566 seres
1039 2509 1130 2581 culpe
1147 2515 1310 2580 perseveret
1324 2507 1497 2572 satisfactio,
1507 2507 1562 2563 nisi
1574 2507 1604 2563 in
1615 2522 1674 2578 quo
1684 2509 1769 2562 tens·

943 2604 992 2654 tur
1006 2598 1174 2654 satislaoere
1190 2596 1367 2653 adversario.
1382 2595 1492 2651 Cetera
1508 2600 1540 2651 ut
1554 2597 1654 2650 omnic
1670 2592 1769 2651 brevi·

943 2684 1295 2758 tercomprehendamus,
1312 2700 1398 2740 omne
1409 2685 1461 2757 J'us
1480 2682 1559 2755 quod
1588 2686 1703 2755 spectat
1732 2682 1770 2739 ad

943 2792 1017 2832 usus
1032 2774 1196 2848 principum
1210 2776 1253 2831 eis
1264 2773 1454 2840 remittimus,
1465 2778 1498 2828 ut
1507 2772 1594 2845 plena
1603 2776 1633 2828 et
1643 2770 1771 2844 perlecta

943 2867 1090 2939 gaudeant
1104 2863 1249 2935 libertate,
1265 2879 1317 2920 nee
1333 2863 1410 2918 ullus
1425 2863 1468 2919 eis
1485 2877 1575 2918 noves
1589 2859 1772 2918 conditiones

88 2950 141 3006 tilo
159 2950 190 3005 in
207 2948 289 3004 arch.
307 2946 428 3018 capituli
442 2946 668 3004 olomucensis:
686 2945 888 3019 apographum
944 2956 1052 3012 audeat
1063 2954 1223 3026 imponere,
1240 2953 1283 3010 vol
1294 2969 1396 3009 eorum
1421 2952 1491 3023 jura
1519 2955 1644 3007 mutare.
1660 2947 1769 3007 Villam

92 3022 122 3078 tu
139 3022 209 3078 cod·
226 3021 320 3076 thall-
336 3020 358 3086 1,
376 3020 399 3074 f⁰
410 3018 483 3089 ¹5⁴·]
945 3044 1090 3101 Cremonis
1105 3060 1173 3099 cum
1189 3044 1250 3100 l'cro
1265 3047 1295 3098 et
1310 3040 1388 3098 omni
1400 3041 1469 3112 jure
1483 3057 1548 3109 suo,
1573 3054 1663 3111 quam
1685 3036 1772 3112 quasi

10 3122 13 3129 ¹
92 3144 752 3217 lemniusepiscopus‚servasservorum
768 3119 1773 3213 negastiepiscopoolomucensinbligatsmpraecedentiumprin·
1859 3175 1862 3186 .

60 3234 186 3293 serabilt
202 3233 320 3290 trata...
337 3233 474 3305 episcopo
490 3236 518 3288 et
533 3231 646 3287 dilectis
671 3232 741 3286 titiis
762 3231 891 3304 capitulo
946 3226 1043 3294 cipum
1072 3224 1218 3278 fatebatur
1247 3221 1366 3288 invidia,
1392 3235 1460 3276 cum
1491 3217 1586 3275 salicis
1624 3216 1772 3274 memorie

57 3321 396 3390 Olomucensi,ealutem
406 3321 630 3394 etspnstolieam
646 3321 890 3379 benedictionem.

92 3413 190 3471 iustis
207 3412 369 3485 petentium
385 3409 539 3467 desideriis
552 3410 675 3482 dignum
691 3416 735 3466 est
750 3427 803 3467 nos
821 3411 893 3466 luci-

57 3504 119 3563 lem
135 3503 270 3578 praebere
280 3516 467 3571 consensum,
479 3506 509 3556 et
519 3504 583 3555 vota
597 3515 660 3571 qoae
672 3517 689 3556 s
700 3500 822 3556 rationis
834 3506 892 3556 tra·

61 3594 135 3651 mite
160 3610 219 3649 non
249 3591 429 3658 discordant,
459 3588 564 3646 ellectu
589 3594 784 3662 prosequente
812 3607 892 3647 com-

62 3684 156 3759 plere.
184 3682 357 3756 lllapropter,
374 3676 548 3738 venerabilis
560 3677 589 3732 in
605 3679 721 3736 Christo
749 3679 849 3750 irater,
864 3681 894 3735 et

59 3773 164 3831 dilecti
181 3772 212 3829 iu
227 3770 350 3828 Domino
364 3768 428 3836 olii,
441 3766 544 3824 vestris
568 3767 660 3837 justis
686 3767 892 3840 postulationi-

60 3866 117 3920 bus
134 3866 255 3936 gratum
278 3861 479 3933 impertientes
495 3876 662 3929 assensum,
691 3857 841 3914 libertates
865 3859 894 3913 et

61 3951 271 4011 immunitates
284 3950 412 4007 ecclesiae
428 3955 530 4008 vestre
546 3950 713 4022 etejcsdem
725 3947 894 4005 hominibus

61 4060 79 4101 s
104 4041 284 4099 charissimo
301 4041 330 4096 in
346 4039 460 4097 Christo
476 4039 534 4096 olio
558 4039 589 4095 P.
608 4039 803 4095 Bobemorum
826 4053 894 4110 rege

62 4130 174 4188 illustri
190 4146 356 4199 concessas,
372 4126 572 4187 cancellariam
598 4144 714 4200 quoque
740 4125 849 4199 regiam
865 4130 895 4182 et

62 4221 137 4278 alios
150 4219 495 4292 redditusprepositurae
524 4216 726 4275 olomucensis
758 4215 892 4271 Ecclesiae

62 4311 233 4384 assignatos
248 4310 285 4365 ab
300 4309 375 4383 ipso,
391 4309 468 4365 sicut
478 4309 560 4380 juste
575 4312 602 4363 et
621 4306 741 4380 pneillce
761 4305 893 4377 posside·

62 4400 113 4465 tis,
128 4407 159 4456 st
175 4400 205 4454 in
221 4400 354 4471 ejusdem
370 4400 447 4472 regis
459 4397 610 4472 privilegio
626 4395 743 4470 plenius
761 4394 893 4451 contine-

945 3314 1074 3371 Joannes
1090 3313 1247 3385 episcopus
1262 3328 1279 3367 a
1294 3311 1450 3367 reverendo
1462 3308 1545 3364 Patre
1556 3307 1773 3364 nostrollubar·
1883 3350 1885 3355 .

946 3407 987 3470 to,
1003 3400 1054 3474 qui
1069 3400 1335 3472 impresentiarum
1345 3407 1389 3455 est
1399 3397 1528 3453 decimas
1539 3413 1556 3452 a
1566 3395 1699 3469 principe
1710 3398 1773 3452 llo·
1869 3462 1872 3467 ι

946 3491 1030 3548 revise
1045 3490 1151 3546 ottone
1165 3488 1264 3561 Nigro,
1281 3504 1333 3559 pro
1348 3503 1397 3543 ccc
1411 3485 1519 3542 marcis
1529 3483 1679 3541 emeritsb
1689 3482 1772 3541 omni

946 3582 1130 3655 impetitione
1142 3584 1242 3637 nostra
1258 3584 1286 3635 et
1301 3593 1505 3635 successorum
1521 3579 1689 3633 nostrorum
1715 3575 1770 3633 ab·

947 3673 1109 3729 solvimus:
1126 3670 1293 3727 sancientes
1304 3669 1382 3741 quod
1398 3666 1553 3740 episcopus
1568 3664 1772 3723 olomucensis

947 3768 976 3819 et
992 3763 1056 3834 rjus
1072 3777 1256 3817 successores
1273 3759 1390 3832 plenam
1407 3758 1435 3813 iu
1451 3773 1516 3815 sam
1538 3756 1668 3812 habeant
1689 3753 1771 3812 omni

947 3852 1158 3925 impedimento
1174 3854 1284 3907 remoto
1301 3865 1352 3922 pro
1367 3846 1440 3904 velle
1455 3863 1508 3903 sno
1530 3843 1706 3918 disponendi
1729 3843 1773 3901 le·

948 3932 1772 4009 cultatemoumaulcmomnijuridivinocontrarialn·

947 4031 1075 4089 clevaret
1111 4028 1292 4086 consuetudo
1328 4026 1485 4083 decedente
1522 4025 1658 4096 episcopo
1695 4021 1773 4078 bona

947 4120 1028 4178 illius
1056 4121 1085 4176 in
1115 4136 1188 4176 usus
1215 4116 1383 4190 principum
1412 4113 1646 4179 vindicabantur,
1675 4110 1771 4167 visum

948 4211 1003 4268 luit
1036 4218 1142 4267 nostras
1181 4207 1279 4281 pietati
1319 4206 1406 4262 istam
1442 4202 1557 4259 abolere
1585 4199 1771 4271 abusionem,

949 4303 1003 4358 hoc
1016 4299 1201 4358 decernendo
1216 4297 1293 4370 quud
1310 4295 1414 4351 ultima
1430 4292 1487 4349 lata
1516 4290 1684 4348 decedentis
1708 4289 1772 4363 epi-

949 4391 1029 4463 scopi
1045 4388 1172 4446 eccleaim
1189 4404 1247 4442 non
1269 4386 1373 4441 cedant
1400 4383 1437 4440 nd
1466 4380 1688 4449 detrimentum,
1704 4394 1771 4437 cum

64 4488 334 4563 tnr‚vobisetper
357 4505 407 4545 vos
430 4486 557 4545 ecclesie
587 4490 689 4540 vestras
719 4470 1588 4575 auctoritatonejuspatrunibeatusl‘etrusapostolusct
1607 4468 1773 4571 Proclamat
1877 4496 1880 4501 ·

64 4577 498 4653 spostolicaccnllrmamuset
527 4576 681 4648 presentis
711 4573 812 4646 scripti
843 4590 894 4645 pa·
950 4569 1017 4626 lelix
1036 4572 1144 4640 martyr
1175 4564 1364 4623 checslsus
1391 4561 1468 4635 apud
1498 4565 1589 4617 Deum
1618 4560 1716 4616 vivant
1741 4575 1771 4615 ιιι

64 4668 193 4728 trocinio
207 4667 437 4724 communimus.
453 4666 496 4722 sd
513 4665 654 4737 malorem
668 4668 763 4719 aulem
775 4664 894 4719 eviden-

66 4759 138 4816 tiam
154 4757 341 4832 priailegium
359 4758 456 4831 ipsum
474 4756 508 4812 ds
523 4755 609 4811 verbo
625 4754 660 4809 ad
676 4753 795 4809 verbum
825 4751 896 4809 huic

67 4854 179 4905 nostras
195 4848 307 4922 pagine
323 4846 462 4903 duximus
476 4843 680 4900 inserendum.

101 4964 115 4988 a
128 4938 159 4995 C.
180 4939 244 5005 iln
261 4937 380 4994 nomine
395 4939 504 4993 sanctes
525 4939 553 4990 et
581 4931 738 4988 individue
767 4930 897 4986 Trinita-

68 5032 124 5098 tsa,
139 5028 202 5100 ligo
217 5026 359 5100 Premysl,
377 5025 424 5082 Dei
440 5024 535 5098 grstia
552 5039 601 5079 rex
626 5021 818 5078 Bohemorum
836 5025 895 5076 ler-

68 5117 139 5183 tius,
154 5115 313 5173 venerabili
334 5115 472 5189 episeopo
482 5111 667 5169 olomucensi
680 5111 807 5166 Rubrrto
821 5109 894 5165 suis·

71 5222 127 5281 que
140 5206 365 5263 successoribus
379 5208 409 5261 et
421 5201 609 5262 olomucensi
625 5200 760 5257 Ecclesiae
787 5199 815 5255 in
834 5216 894 5272 per·

70 5300 203 5368 potuum.

104 5386 202 5442 «com
219 5382 305 5458 regie
321 5381 456 5456 dignitati
472 5381 556 5438 cedat
571 5381 605 5436 ad
634 5378 758 5452 gloriam
779 5378 894 5459 quoties

68 5479 200 5532 sanctam
215 5476 372 5530 veneratur
387 5477 416 5529 et
431 5469 571 5527 sublimat
598 5468 769 5529 ecclesiam.
787 5472 894 5524 nostre

70 5560 181 5636 placuit
194 5560 345 5619 serenitati
361 5562 426 5634 ejus
437 5559 587 5634 providcrr
602 5556 779 5628 necessitati,
796 5555 836 5612 ilc
860 5561 894 5611 ut

948 4648 1772 4726 eternum.Decedentcergoepisccpoomniaepiecops·
1869 4696 1872 4701 .

949 4755 997 4805 tus
1013 4753 1041 4804 et
1056 4746 1186 4803 ecclesiae
1201 4745 1279 4801 bona
1293 4743 1348 4799 snb
1362 4757 1451 4797 manu
1472 4738 1585 4808 decani,
1601 4743 1630 4794 et
1656 4752 1773 4811 praepo·

950 4839 999 4894 siti
1015 4837 1144 4894 eoelesiae
1159 4834 1239 4891 illiue
1255 4833 1369 4905 integra
1384 4827 1617 4904 ejussuccesscri
1627 4841 1773 4883 reserven-

951 4933 1008 4998 tur,
1024 4944 1076 4983 nec
1090 4925 1196 4998 aliquis
1212 4941 1246 4979 ea
1270 4922 1376 4978 audeat
1402 4934 1556 4992 occupare,
1572 4920 1600 4974 et
1628 4914 1771 4983 minuere,

949 5018 993 5075 vel
1009 5019 1037 5073 in
1054 5034 1127 5073 usus
1156 5013 1323 5087 principum
1352 5010 1511 5067 vindicare.
1527 5005 1655 5077 Contigit
1681 5003 1772 5060 eliam

950 5108 1026 5181 quod
1042 5107 1078 5162 ab
1092 5104 1222 5175 antiquis
1234 5101 1415 5174 temporibus
1425 5093 1606 5156 ecclesicilla
1616 5090 1773 5165 praeposito

950 5197 1079 5262 carebat,
1094 5193 1162 5250 inde
1177 5192 1274 5248 visum
1286 5190 1342 5248 luit
1352 5190 1429 5247 Patri
1441 5190 1542 5244 nostro
1553 5181 1682 5239 liuberto
1692 5181 1723 5238 in
1737 5198 1772 5240 es

950 5286 1138 5362 prepositum
1153 5281 1289 5339 ordinare
1304 5281 1355 5354 qui
1371 5275 1509 5334 iratribus
1537 5272 1619 5329 illius
1641 5270 1771 5329 ecclesie

949 5376 1046 5433 debito
1061 5374 1147 5430 modo
1163 5371 1328 5445 provideret
1343 5373 1371 5425 et
1385 5382 1486 5425 eorum
1517 5360 1682 5419 necessitati
1708 5376 1770 5418 res·

948 5465 1098 5538 ponderet.
1115 5461 1169 5517 Sed
1186 5477 1252 5516 cum
1269 5460 1369 5515 deceat
1383 5454 1492 5527 regiam
1510 5468 1631 5509 manum
1661 5449 1771 5522 ubique
1827 5446 1831 5453 “

948 5553 1049 5629 pluere
1078 5550 1226 5619 beneficia,
1261 5545 1458 5621 prepositure
1487 5541 1529 5598 illi
1566 5538 1770 5598 cancellariam
1857 5549 1861 5556 ’

15 5706 17 5719 .
71 5648 562 5727 mstrsbsnlgultstisespsrlatur
583 5646 726 5707 beneficis
751 5649 781 5706 et
808 5645 894 5708 nobis
946 5646 1080 5706 noemam
1093 5655 1161 5699 cum
1175 5635 1245 5697 villa
1259 5652 1322 5711 qne
1335 5635 1456 5696 vocetur
1476 5629 1604 5692 Vbercbl
1618 5628 1655 5688 ed
1681 5641 1770 5702 quani
1860 5688 1863 5695 ,

15 5814 22 5891 ἰ
