3796 5986
81 209 117 264 27
674 217 722 269 aii
742 210 951 268 inuocaurii
971 213 1010 267 iii
1028 213 1197 269 6666666
1756 206 1791 261 m

84 331 204 403 Urbani,
233 334 392 392 Clementis
420 339 448 391 et
476 333 637 406 Caelestini,
653 337 900 409 predecessorum
916 334 1069 403 Atansut,
1084 336 1208 394 liberam
1223 335 1360 394 babeatis
1376 333 1551 393 auctoritate
1568 329 1732 406 apostolica
1748 331 1792 388 iii·

84 427 268 495 nostrorum,
295 424 493 481 liomanorum
521 426 708 495 Pontificum,
745 425 800 482 sub
829 424 906 481 beati
960 425 1112 481 cultatem.

83 511 160 570 Petri
171 517 201 569 et
216 518 317 569 nostra
330 516 510 586 protectione
525 515 744 586 suscipimus,et
756 512 907 588 praesentis
996 517 1174 574 Auctoritate
1188 517 1275 575 etiarn
1293 515 1456 590 apostolica
1470 513 1643 582 statuimus,
1655 518 1684 569 et
1695 512 1790 585 vobis,

85 601 187 674 scripti
202 603 310 674 pagina
324 605 561 671 communimus;
584 604 613 659 iii
640 603 745 676 primis
759 601 906 674 siquidem
962 607 997 661 da
1012 612 1150 663 consueta
1165 606 1322 663 clementie
1337 611 1366 662 et
1383 606 1562 679 benignitate
1577 603 1657 660 sedis
1671 609 1792 675 aposto·

87 695 260 763 statuentes,
291 697 323 747 ut
350 692 421 749 ordo
450 692 644 758 monasticus,
667 694 717 766 qui
743 692 906 749 secuudum
961 693 1023 750 lice
1040 696 1238 769 indulgemus,
1255 702 1288 752 ut
1303 695 1412 753 nullius
1442 693 1580 767 legationi
1596 692 1792 749 nisialatere

85 778 178 835 Deum
194 786 223 835 at
238 781 314 837 beati
330 781 477 838 Benedicti
492 782 632 856 Regulam
647 781 677 838 in
693 783 795 838 eodem
806 797 907 837 moria·
963 784 1085 839 Romani
1102 785 1249 857 pontilicis
1264 784 1432 859 specialiter
1447 784 1535 839 luerit
1545 780 1791 855 delegatus,sub·

86 869 176 926 sterio
191 870 347 926 institutus
358 871 626 944 essedignoscitur,
639 872 788 945 perpetuis
799 871 907 927 ibidem
958 875 1057 943 jacere
1067 873 1111 930 vel
1123 875 1246 931 subesse
1258 874 1363 931 amodo
1375 871 1523 940 debeatis;
1535 887 1588 926 uec
1599 869 1689 926 alicui
1703 869 1792 927 liceat

87 958 267 1031 temporibus
293 959 504 1017 inviolabiliter
537 961 718 1019 observatur.
754 964 908 1027 Pictor-ei,
962 961 1084 1017 obtentu
1101 961 1257 1035 legationis
1274 958 1792 1036 ubapostolicasibiscdeindultie,

87 1063 278 1121 quascunque
300 1049 512 1121 possessiones,
537 1066 721 1122 quecunque
736 1049 813 1106 bona
829 1048 907 1104 idern
962 1066 1023 1119 roe,
1039 1050 1083 1108 vel
1099 1067 1286 1109 successores
1301 1057 1431 1120 vestros,
1446 1050 1498 1107 sed
1514 1049 1730 1105 monasterium
1746 1064 1792 1104 νο·

87 1136 300 1193 monasterium
330 1139 360 1194 in
389 1138 613 1211 praesentiarum
626 1141 707 1212 juste
722 1156 755 1195 ac
770 1137 909 1195 canonico
963 1143 1071 1210 strum,
1084 1139 1129 1196 vel
1145 1139 1285 1199 ecclesias
1300 1157 1365 1213 quia
1380 1141 1458 1196 inira
1472 1140 1599 1211 burgum
1623 1135 1792 1193 116611666-

86 1226 230 1297 possidet,
246 1233 297 1283 aut
311 1227 341 1282 iu
357 1227 503 1296 futurum,
518 1229 706 1287 concessione
720 1227 908 1294 Pontificum,
963 1228 1044 1285 meni
1069 1231 1151 1296 sunt,
1167 1246 1227 1286 una
1241 1228 1391 1287 interdicti
1414 1227 1459 1284 vel
1475 1224 1791 1284 excommunicationis

86 1313 239 1385 largitione
251 1331 351 1386 regum
362 1316 406 1372 vel
417 1318 596 1390 principum,
608 1317 755 1375 oblatione
765 1316 908 1385 fidelium,
962 1317 1107 1374 sententia
1125 1334 1316 1392 pregravare,
1332 1318 1376 1374 vel
1392 1333 1482 1390 super
1496 1333 1558 1383 voa,
1573 1312 1618 1370 vel
1639 1329 1730 1386 super
1742 1313 1790 1369 di·

87 1419 139 1459 seu
155 1402 221 1459 aliis
245 1403 457 1474 justismodis,
480 1412 637 1479 prestante
652 1407 787 1472 Domino,
804 1406 910 1479 poterit
963 1410 1025 1464 otas
1053 1406 1198 1464 Ecclesiae
1221 1407 1460 1480 jurisdictionem
1490 1405 1620 1477 aliquam
1645 1419 1789 1471 exercere,

87 1492 210 1564 adpisci,
237 1492 323 1549 firma
351 1495 433 1551 robis
448 1497 613 1569 vestrisque
637 1496 858 1553 successoribus
881 1502 910 1554 et
963 1495 1020 1553 nisi
1049 1495 1215 1569 specialiter
1237 1496 1292 1553 boc
1307 1496 1395 1553 tuerit
1409 1513 1426 1552 a
1442 1499 1573 1552 Romano
1590 1493 1730 1568 paulillus
1744 1491 1789 1548 illi

87 1580 202 1639 illibata
216 1589 418 1656 permaneant.
429 1585 483 1641 Per
494 1587 645 1657 presentis
656 1587 755 1660 itaque
765 1585 910 1659 privilegii
964 1586 1148 1643 mandatum.
1177 1587 1319 1643 Preteraa
1347 1584 1602 1658 compositionem,
1628 1598 1692 1654 qua
1712 1580 1791 1638 inter

87 1671 236 1744 paginam,
252 1673 334 1729 vobis
347 1673 510 1748 vestrisque
525 1676 745 1733 successoribus
760 1676 789 1732 in
806 1692 909 1749 perpe·
923 1709 949 1776 n
965 1675 1176 1732 monasterium
1202 1681 1347 1744 vestrum,
1360 1680 1389 1731 et
1404 1675 1485 1731 bone
1514 1672 1661 1729 memorie
1677 1670 1789 1727 Gnido-

87 1764 173 1819 rium
189 1762 410 1835 confirmamus,
435 1773 469 1820 ut
483 1783 667 1839 quecunque
683 1765 813 1835 libertas,
830 1782 908 1838 que·
963 1781 1028 1822 nem
1043 1764 1111 1838 (68),
1127 1766 1276 1838 quondam
1297 1768 1495 1821 senonensem
1523 1759 1790 1834 archiepiscopum,

88 1865 205 1922 cunque
220 1851 361 1924 dignitas,
377 1852 527 1926 priuilegio
542 1855 619 1912 beati
635 1855 781 1922 Germani,
792 1855 910 1929 scriptis
962 1872 1051 1928 super
1067 1854 1335 1929 procurationibus,
1353 1871 1428 1926 quas
1443 1871 1460 1908 a
1475 1851 1556 1909 uobis
1570 1851 1599 1907 in
1609 1849 1790 1923 quibusdam

87 1937 277 2010 Gbildeberti,
292 1941 442 2011 Clotbniii,
459 1949 547 2016 atque
561 1943 686 2000 aliorum
702 1961 805 2017 regum
823 1945 910 2000 Frau-
961 1945 1040 2002 villis
1056 1946 1183 2018 petebat,
1198 1941 1412 2000 rationabiliter
1427 1944 1505 1998 inter
1518 1957 1568 1998 uos
1583 1940 1623 1997 sit
1632 1940 1700 2013 (69),
1713 1939 1791 1996 61661

88 2045 201 2100 corum,
230 2035 326 2087 vestro
354 2033 533 2090 monasterio
548 2032 655 2090 collata
668 2039 724 2106 est,
737 2033 832 2090 eidem
849 2050 912 2107 per·
962 2036 1081 2109 provide
1108 2051 1142 2093 ac
1169 2033 1236 2090 sine
1261 2031 1407 2106 pravitate
1423 2033 1500 2087 lacta
1513 2034 1558 2086 est
1574 2032 1603 2085 et
1617 2033 1747 2101 recepta,
1763 2032 1792 2084 st

89 2124 207 2175 maneat
235 2119 357 2177 illibata.
386 2121 429 2178 Ad
444 2122 515 2192 bac,
540 2123 670 2180 volentes
685 2129 724 2195 te,
740 2123 839 2180 dilecti
856 2123 910 2194 lili,
963 2125 1104 2181 bacteuiie
1135 2124 1299 2191 observate,
1325 2127 1412 2194 atquo
1427 2121 1456 2176 iii
1472 2120 1669 2175 instrumento
1683 2116 1790 2173 exinde

88 2206 213 2265 lieberto
228 2209 331 2281 abbas,
347 2219 374 2267 61
389 2211 602 2268 monesterium
626 2212 747 2269 honoris
766 2218 795 2269 et
810 2211 909 2284 gratia
962 2214 1095 2271 conlecto
1110 2211 1239 2286 plenaria
1254 2210 1431 2277 continetur,
1448 2212 1542 2265 ratam
1564 2207 1721 2274 habentes,
1737 2223 1790 2262 au·

88 2296 402 2371 privilegiodccorara,
429 2301 732 2359 adinstardictorum
750 2302 909 2374 praedeces·
962 2300 1095 2359 ctoritate
1125 2299 1287 2374 apostolica
1317 2298 1457 2356 duximus
1486 2296 1727 2353 confirmandam.
1744 2293 1788 2349 Ad

89 2402 190 2443 sorum
217 2392 396 2445 nostrorum.
425 2388 582 2448 Alexandri
604 2396 633 2447 at
647 2390 806 2463 Coelestini,
820 2407 908 2447 usum
962 2392 1102 2462 majorem
1130 2394 1224 2447 autam
1244 2388 1418 2446 evidentiam
1434 2383 1655 2459 compositionis
1678 2382 1786 2457 ipsius,

90 2476 183 2532 mitre
207 2481 237 2533 et
260 2477 362 2534 annuli
376 2484 461 2551 atqua
476 2479 677 2536 sandaliorum
692 2480 757 2550 tibi,
773 2486 801 2538 et
816 2496 868 2553 per
881 2485 909 2538 te
962 2479 1138 2553 rescriptum
1166 2478 1238 2536 illud
1263 2479 1299 2535 de
1326 2477 1415 2534 verbo
1440 2476 1476 2532 ad
1505 2474 1628 2533 verbnm
1643 2471 1711 2530 liiiio
1726 2472 1789 2544 pri-

88 2566 311 2623 successoribus
339 2567 408 2639 tuis,
438 2568 475 2626 da
493 2568 908 2642 consuetssedisapcstolicn
961 2568 1066 2642 siligio
1094 2569 1233 2625 duximus
1258 2566 1461 2634 inserendum,
1491 2564 1577 2636 cujus
1605 2566 1690 2620 tenor
1719 2560 1788 2616 talis

88 2651 281 2727 benignitate,
306 2655 445 2712 duximus
471 2657 697 2731 indulgendum.
722 2658 909 2732 Praecipimus
962 2663 1026 2716 est:

88 2748 197 2811 autem,
214 2742 396 2813 utcbrisma,
407 2745 505 2801 oleum
516 2753 663 2813 sanctum,
674 2746 909 2804 consecrationes
997 2746 1054 2818 (70)
1083 2747 1115 2803 ln
1142 2747 1254 2803 nornine
1282 2750 1434 2801 annotaret
1459 2739 1613 2798 tinentia
1641 2739 1789 2794 Trinitatis

87 2829 237 2904 altarium,
266 2833 476 2903 ordinationes,
506 2839 535 2892 st
558 2850 739 2907 quecunque
760 2835 843 2892 iobis
862 2853 909 2892 va·
963 2836 1061 2903 (luido,
1079 2837 1129 2892 liei
1155 2833 1248 2908 pratia
1276 2833 1440 2891 senonensis
1465 2829 1695 2900 matuptiropui,
1725 2844 1786 2885 om-

88 2919 202 2991 striqus
229 2920 451 2979 successoribus
480 2924 662 2996 denegentur
688 2924 754 2996 (67).
786 2925 909 2981 Sanctae
961 2927 1046 2983 nibus
1073 2924 1345 2997 adquorprresentsi
1362 2923 1467 2980 littarae
1480 2920 1667 2992 peremerint,
1689 2919 1720 2972 in
1737 2918 1791 2972 Do-

90 3007 208 3076 missas,
223 3010 431 3081 ordinationes,
446 3013 598 3086 stationes,
614 3014 650 3071 ab
665 3013 746 3071 omui
760 3014 909 3089 episcopo,
965 3018 1043 3071 mino
1057 3015 1187 3071 salutm.
1204 3013 1304 3071 Notum
1318 3013 1383 3084 ficri
1395 3011 1524 3068 valramus
1537 3009 1688 3078 antoniis,
1716 3022 1793 3079 prae·

91 3097 135 3154 vel
149 3097 227 3157 clero
242 3100 419 3159 parisiensis
432 3102 579 3175 llcclasia,
601 3104 631 3160 in
644 3104 746 3160 eodem
762 3109 910 3162 monaste·
926 3074 949 3143 c
966 3103 1092 3161 sentitus
1104 3104 1213 3176 pariter
1226 3112 1253 3158 et
1262 3101 1377 3169 ratuni,
1393 3099 1465 3171 quod
1485 3097 1635 3168 discordia,
1651 3111 1714 3168 qun
1732 3097 1793 3150 erat

89 3186 144 3257 rio,
159 3193 266 3262 preter
278 3189 457 3249 uoluntatem
473 3193 588 3250 abbatis
603 3192 647 3250 vel
667 3193 911 3267 congregationis,
967 3195 1042 3252 inter
1055 3210 1117 3262 nor,
1131 3201 1158 3249 st
1170 3184 1793 3262 66166666(71.16666116666661666Ρ66116

68 3275 154 3347 Ι11661
170 3276 377 3349 probibemus;
400 3281 596 3338 nechabeant
613 3286 786 3354 potestatem
800 3281 911 3355 aliquid
966 3283 1103 3351 abbatem,
1132 3290 1160 3339 et
1185 3283 1279 3352 ipsam
1306 3279 1472 3347 Ecclesiam,
1500 3276 1534 3334 ds
1548 3273 1792 3350 procurationibus

88 3365 130 3422 ibi
145 3366 329 3440 imperandi;
345 3370 396 3426 sed
412 3386 465 3428 neo
480 3370 579 3429 diviua
593 3371 691 3428 officia
704 3371 778 3445 ipsis
789 3370 911 3428 interdi·
965 3389 1036 3446 quaa
1049 3373 1084 3427 ab
1098 3370 1140 3428 eii
1166 3371 1327 3443 petebamus
1350 3369 1380 3424 in
1408 3367 1515 3434 limam,
1543 3382 1562 3422 n
1587 3364 1737 3422 balnerolo
1765 3367 1791 3420 et

90 3470 166 3521 core,
192 3473 246 3514 nec
274 3459 528 3517 excommunicare
556 3477 610 3518 neo
638 3460 674 3517 ad
698 3461 844 3534 synodum
859 3475 912 3515 vo·
966 3463 1068 3520 Sancto
1088 3460 1221 3517 Germano
1243 3459 1330 3531 juata
1356 3456 1552 3520 liutterioium,
1582 3457 1614 3511 in
1638 3451 1790 3527 prasentia

89 3552 166 3608 aare.
183 3552 235 3603 aut
249 3547 396 3617 abbatem,
412 3554 464 3605 aut
475 3549 643 3615 monachos,
655 3553 706 3606 aut
716 3550 911 3624 presbyteros,
966 3551 1102 3623 Pliiiippi.
1117 3550 1290 3605 Francorum
1313 3548 1396 3620 repis,
1411 3547 1452 3602 ita
1466 3545 1616 3602 terminato
1628 3550 1675 3598 ast.
1692 3545 1726 3598 lii
1741 3539 1792 3597 too

91 3640 144 3692 aut
157 3635 278 3693 clericos
294 3637 487 3695 ecelesiarum
504 3638 598 3712 ipsius
613 3637 680 3708 loci,
696 3639 856 3696 tribuimus
869 3638 913 3694 ia·
966 3639 1104 3713 61661666
1118 3637 1301 3714 quitavimus
1313 3635 1407 3693 abbati
1420 3642 1446 3691 at
1459 3634 1597 3691 Etruriae
1611 3631 1706 3688 Sancti
1724 3634 1793 3686 Ger-

92 3724 242 3781 cnltatem.
272 3725 438 3796 idJicimus
465 3727 565 3795 etiam,
595 3731 628 3783 ut
648 3728 679 3783 iu
694 3727 913 3800 parochialibus
966 3731 1046 3788 moni
1058 3731 1261 3802 inperpetuum
1274 3724 1494 3801 procurationes,
1510 3739 1579 3795 quas
1593 3720 1624 3776 in
1650 3718 1792 3793 praedictis

92 3811 242 3882 Eccleaiis,
272 3820 443 3886 quaaeitra
466 3815 593 3888 burgum
609 3815 689 3873 Beati
714 3815 852 3874 Germani
866 3822 913 3873 te·
968 3821 1034 3877 torn
1047 3819 1207 3891 pantanus
1231 3819 1266 3874 ab
1289 3817 1339 3885 sis,
1367 3815 1422 3871 toli
1446 3812 1526 3870 modo
1548 3810 1619 3886 quod
1647 3808 1740 3876 abbas,
1766 3811 1793 3865 st

93 3902 181 3969 netis,
213 3904 376 3976 presbyteri
405 3921 457 3977 per
484 3922 536 3962 uos
561 3903 718 3977 eligantur,
734 3911 763 3963 et
776 3907 914 3979 episcopo
967 3924 1135 3967 succurras
1149 3909 1206 3974 sui,
1220 3907 1299 3963 nobis
1325 3909 1351 3962 ct
1377 3901 1583 3960 666666666ῐὸ66
1609 3900 1722 3964 nostris,
1751 3901 1794 3954 uei

94 3997 321 4066 presentantur,
338 3992 457 4065 quibua,
474 3994 498 4051 si
513 3994 609 4051 idonci
625 3995 744 4066 luerint,
760 4012 915 4069 episcopus
968 3995 1163 4052 noitrticartis
1173 3993 1294 4060 numiir,
1307 4007 1359 4064 pro
1371 3986 1616 4063 procurationibus
1644 3986 1705 4042 iiiii
1732 3984 1795 4040 red-

97 4082 264 4140 animarum
281 4099 383 4140 curam
399 4084 576 4154 committat,
586 4090 619 4142 ut
634 4085 715 4152 ei,da
730 4084 822 4159 plebis
834 4102 916 4154 cura,
969 4083 1034 4142 dent
1048 4083 1169 4152 singulis
1184 4076 1268 4138 annii
1278 4090 1337 4139 octo
1347 4079 1437 4136 libras
1449 4074 1684 4140 Porienierapuil
1696 4075 1793 4129 dmoin

94 4172 129 4228 da
144 4174 233 4229 rebus
247 4188 314 4230 vero
329 4171 542 4246 temporalibus
557 4173 916 4248 admouaeteriumperti·
969 4176 1001 4232 in
1015 4176 1118 4231 notauit
1132 4172 1263 4242 Parobae3
1287 4173 1323 4239 st,
1353 4170 1379 4226 ri
1392 4184 1441 4226 nor
1463 4171 1667 4224 ataucossaoras
1694 4163 1795 4234 nostri,

94 4263 244 4331 nantibus,
271 4262 354 4320 vobis
370 4265 580 4336 respondeant.
596 4265 677 4331 Quod
694 4264 718 4321 si
734 4265 829 4323 tacere
843 4265 917 4322 lorte
968 4279 1028 4321 non
1042 4261 1176 4320 iverimus
1185 4261 1269 4320 666661
1280 4262 1310 4318 in
1326 4275 1399 4318 anno
1413 4257 1450 4316 ad
1463 4259 1572 4323 dinam,
1604 4255 1647 4311 nei
1664 4255 1698 4310 at
1723 4252 1796 4310 Bai·

92 4351 254 4423 noluerint,
270 4350 465 4410 subtrahendi
479 4353 522 4410 sis
534 4352 710 4428 temporalia
725 4369 789 4428 que
803 4371 821 4411 a
835 4353 917 4411 vobis
969 4351 1108 4421 mrolum,
1125 4351 1167 4410 661
1181 4350 1217 4408 ad
1231 4347 1336 4407 uillam
1350 4363 1413 4423 quae
1424 4346 1529 4405 dicitur
1548 4345 1663 4402 Sanctus
1691 4341 1800 4399 Genna-

129 4599 177 4671 (66
190 4599 238 4656 Sic
253 4598 284 4656 iii
299 4603 418 4673 Apage,
432 4616 535 4657 verum
550 4601 634 4657 deest
647 4600 770 4674 aliquid.
971 4601 1038 4667 Xll,
1054 4599 1110 4657 col.
1125 4599 1172 4655 53.

130 4670 455 4742 (68111116666666166
479 4671 664 4729 deNucsriis
687 4674 716 4729 iu
737 4662 959 4746 Burgundiu,l)
1019 4671 1065 4734 691
1080 4670 1129 4727 Sic
1142 4670 1173 4725 iu
1189 4671 1296 4741 Apogr.
1526 4736 1532 4748 υ
1719 4731 1724 4743 ,

95 4749 215 4811 parents
243 4749 335 4800 entus
354 4743 460 4816 Guido,
487 4750 613 4800 matrem
629 4745 734 4801 babuit
746 4749 868 4803 Mariam
884 4746 920 4803 do
1020 4743 1066 4814 70)
1081 4744 1316 4799 instrumentum
1331 4736 1386 4794 boc
1402 4736 1510 4810 legitur
1524 4739 1603 4792 inter
1612 4733 1799 4816 probationes

94 4815 271 4874 castellione
300 4817 336 4873 ad
353 4816 517 4872 Matronam
541 4817 588 4888 (aa
610 4816 852 4888 Somniartlianial,
869 4835 921 4875 ne·
975 4813 1109 4873 liistorie
1137 4812 1269 4869 Abbatiaa
1292 4815 1329 4896 Β..
1352 4808 1491 4867 Germani
1507 4808 1544 4864 da
1564 4811 1668 4890 Pictis,
1685 4808 1760 4887 part.
1778 4818 1797 4868 1,

115 4893 179 4946 otas
193 4905 260 4945 vero
272 4887 434 4961 lingonum.
447 4888 619 4959 episcopum
634 4890 921 4946 autissiodorensem
975 4902 1043 4959 pag.
1058 4886 1106 4955 50,
1121 4902 1151 4941 n.
1166 4901 1265 4955 cxxiii,
1280 4882 1331 4939 ubi
1346 4881 1512 4954 subjectum
1527 4882 1574 4934 est
1589 4875 1669 4933 aliud
1684 4878 1797 4958 instru-

94 4905 143 5027 1)(16
193 4978 230 5018 66
257 4960 324 5017 vide
354 4958 512 5030 Epistulam
544 4959 612 5016 libri
637 4962 921 5032 tertiiiix,not.(,ot
975 4950 1801 5034 mentumejusdrmgeueris,nempecontlrmatioocm·

96 4977 451 5104 Angflonemdominum
463 5030 667 5090 deSilliniaco.
678 5033 804 5105 Optimis
814 5032 922 5090 studiis
975 5027 1133 5112 positionis
1149 5027 1236 5100 bajas
1250 5023 1411 5100 aCapitulo
1429 5024 1592 5081 senonensi
1603 5019 1706 5076 eodem
1723 5032 1799 5073 anuo

97 5105 234 5178 preclare
259 5105 435 5169 instructus,
461 5120 495 5160 ao
521 5120 617 5160 reruin
647 5109 707 5160 tani
734 5104 921 5163 secularium
976 5116 1098 5159 emissa.
1622 5162 1628 5176 ⁸

118 5191 186 5233 narn
201 5175 581 5246 ecclesiasticarumperitia
592 5175 701 5242 clarus,
717 5192 752 5232 ex
764 5176 922 5249 preposito
1011 5170 1070 5244 (71)
1094 5168 1178 5226 raico
1205 5178 1266 5252 (teu
1288 5168 1385 5252 potius
1402 5163 1514 5236 Falco),
1530 5180 1566 5250 ⁸¹.
1585 5178 1692 5236 pr10r0.
1709 5160 1802 5216 abbi!

96 5192 305 5322 Rutuerpiensl
324 5254 353 5304 et
380 5246 642 5314 Autissiodorensi‚
671 5263 724 5303 neo
746 5265 804 5304 666
829 5248 920 5305 Seno·
975 5244 1006 5301 6.
1022 5240 1160 5299 Germani
1174 5244 1318 5312 reperitur
1332 5257 1361 5295 in
1378 5241 1584 5294 instrumentis
1594 5237 1656 5305 jam
1673 5236 1710 5290 ab
1725 5247 1802 5288 6666

97 5321 182 5378 66661
211 5318 429 5391 archidiacono,
458 5318 742 5391 archiepiscopatum
761 5320 922 5393 regendum
977 5312 1328 5397 ll8l3ldortausesttex
1355 5310 1385 5368 S.
1401 5307 1540 5391 Germani
1555 5306 1677 5365 Necrolo
1702 5303 1803 5374 iotdie

78 5392 230 5476 0ausoopit
245 5407 322 5448 anno
339 5392 417 5448 1176.
435 5392 594 5476 balneatus
609 5407 686 5476 auno
700 5391 781 5458 1193,
797 5407 837 5449 xii
858 5388 922 5503 Kal:
974 5383 1072 5514 Zigali
1086 5400 1165 5443 suno
1180 5381 1260 5441 tire.
1288 5380 1363 5440 6611.
1381 5381 1475 5438 Clirsst
1489 5395 1563 5450 noia,
1578 5384 1651 5436 tom.
1693 5377 1728 5449 ii,
1746 5374 1801 5432 ccl.

97 5462 407 5610 itittttuttll:
424 5461 921 5602 :tiliittititltitttti
1004 5496 1037 5570 ··
