3796 5986
165 265 217 324 651
587 262 793 318 tauocnu'rn
812 264 851 316 111
870 264 972 316 Pasas
989 262 1184 320 SBRMONRS
1203 266 1252 319 ns
1270 265 1448 321 utvnaffls.
1527 274 1532 279 '
1830 260 1868 317 ss
1897 325 1898 344 ¹

167 391 242 461 ttae.
258 389 307 461 ιι).
325 410 340 440 »
351 418 385 431 -
396 409 410 439 a
424 388 501 459 lijice
512 388 642 461 primum
651 386 764 443 trabem
775 385 904 443 deocalo
913 389 987 456 tuo„
1003 385 1031 453 Α
1045 388 1210 444 custodiam
1227 389 1268 445 ori
1287 405 1362 459 meo,
1373 393 1403 446 et
1417 388 1528 446 ostium
1542 385 1788 446 circumstantiae
1798 385 1870 444 labi'a
1897 353 1898 415 l

59 524 67 533 .
167 485 196 536 et
207 486 278 535 tunc
292 477 392 549 ejicies
408 478 552 534 lestucam
565 477 601 534 de
616 475 699 533 oculo
715 474 814 532 fratris
842 474 885 531 tui
901 476 989 547 (tam
1048 476 1339 551 meistl’aol.cxn).·
1357 479 1399 534 ad
1416 477 1606 535 bocostiiam
1621 475 1869 545 vitulusducitar‚

137 602 140 607 ·
166 570 216 642 ιιι).
234 567 409 640 »Propheta
425 582 542 639 quoque
562 581 628 621 cum
659 565 821 621 mittendus
850 569 928 621 esset
954 564 992 620 ad
1047 582 1113 622 cum
1130 567 1165 622 ed
1182 567 1396 624 consessionem
1412 567 1632 625 orissecretum
1644 564 1754 623 cordis
1765 582 1869 640 progre-

167 657 400 731 praedicandum,
419 656 500 728 prius
515 656 552 711 ab
567 654 724 727 iniquitate
734 654 906 722 mundatur,
918 657 946 709 et
958 670 992 737 οι
1046 653 1135 712 ditur.
1152 655 1213 720 Dic,
1226 656 1333 729 inquit,
1348 657 1519 729 iniquitates
1534 661 1612 725 tuas,
1629 678 1642 709 ι
1661 660 1699 712 ut
1708 655 1870 728 justificeris

168 748 233 819 ojus
248 746 380 820 tangitur
391 744 720 817 oalculo,quodlcrcipe
733 743 845 800 tollitur
858 744 894 800 de
905 740 993 799 altar¹
1046 743 1219 815 (lemnum).
1241 767 1310 798 »-a
1333 745 1437 802 laetus
1466 745 1544 802 enim
1573 745 1605 801 in
1636 744 1796 819 principio
1822 760 1870 800 ser·

169 835 388 909 (lto.v1).Gum
415 834 540 890 haretici
563 850 617 890 nos
646 848 768 906 peccare
795 832 992 905 conspiciunt,

169 927 273 983 docent
287 940 341 981 nos
353 922 551 982 ecclesiastica
566 926 751 979 sacramenta
762 938 819 977 non
829 937 915 995 posse
926 938 991 977 con-

167 1015 264 1082 ticere,
280 1014 454 1071 inducentes
465 1010 669 1068 auctoritatem
682 1010 838 1084 Scriptura
849 1010 990 1067 dicentis:

166 1123 182 1158 ιι
198 1102 369 1161 Maledicam
386 1102 637 1159 benedictionibus
647 1099 763 1170 vestris,
773 1105 876 1158 etcum
888 1099 989 1157 multi·

164 1190 342 1264 plicaveritis
357 1191 520 1247 orationem
537 1207 595 1246 non
620 1189 774 1245 exaudiam
798 1206 849 1245 vos
877 1188 988 1261 (llutoc.

165 1280 207 1352 ιι).
224 1301 239 1331 a
250 1309 285 1320 -
296 1303 311 1332 a
326 1279 432 1335 Manus
442 1278 520 1335 enim
536 1281 639 1335 vestras
655 1277 800 1351 sanguine
811 1277 903 1350 plene
919 1280 990 1334 sunt

165 1371 221 1440 (leo
236 1370 268 1444 1.)
284 1389 300 1420 a
315 1368 466 1441 Quidquid
483 1367 579 1441 tetigit
599 1368 782 1424 immundus.
799 1366 988 1422 immundum

164 1460 221 1515 erit
235 1459 307 1530 (lm.
322 1458 358 1529 v).
375 1458 436 1513 Lux
450 1472 519 1525 erpo
535 1461 636 1513 nostra
651 1456 747 1513 luceat
763 1472 861 1513 coram
891 1454 988 1511 homi·

165 1547 264 1615 nibar,
277 1552 310 1604 ut
324 1547 442 1603 videant
457 1562 545 1620 opera
561 1551 662 1602 nostra
676 1545 765 1613 bona,
780 1550 809 1602 et
822 1544 989 1618 glorificent

165 1636 282 1693 Patrem
298 1641 432 1693 nostrum
449 1634 546 1708 quiin
562 1634 642 1692 ooelis
658 1641 701 1691 eat
714 1634 821 1708 (ttattt.
835 1635 875 1706 v).

200 1761 233 1818 Si
244 1761 324 1818 enim
340 1760 476 1830 sacerdos,
492 1760 541 1833 qui
560 1768 658 1817 anctus
684 1765 734 1829 eat,
759 1761 925 1832 peccauerit,
943 1760 1026 1838 sap

164 1853 239 1908 dent
254 1851 414 1924 delinquere
434 1851 579 1922 populum,
604 1850 697 1921 atteret
724 1865 775 1918 pro
800 1852 910 1921 peccato
936 1864 986 1904 suo

163 1939 501 1998 uitulumimmoculotum
508 1940 638 1995 Domino.
648 1937 828 1994 Nonsulsscit
840 1936 986 1995 sacerdoti

164 2029 267 2088 offerro
283 2045 335 2102 pro
351 2033 470 2101 peccato
484 2044 538 2084 suo
560 2031 705 2084 turturem
732 2027 777 2083 vel
806 2026 985 2095 columbam,

163 2118 280 2176 bedam
296 2117 339 2175 vel
356 2134 476 2188 agnum,
491 2132 609 2190 capram
630 2114 675 2173 vel
689 2131 790 2185 ovam;
806 2116 857 2172 sed
873 2120 988 2187 oportet

163 2211 197 2263 ut
211 2207 314 2265 offerat
325 2206 455 2274 citatum,
467 2222 525 2262 non
541 2204 788 2277 qualemcunque,
805 2205 855 2260 sed
885 2206 986 2261 immo·

162 2297 307 2354 calutum:
326 2312 379 2352 noc
395 2296 575 2366 ubicunque,
586 2295 637 2350 sed
647 2296 684 2350 ud
693 2292 986 2350 catiumtoternoruli:

163 2390 299 2443 nocente
314 2384 487 2457 quemlibet,
502 2384 553 2441 sed
564 2400 656 2441 mrum
671 2383 786 2440 Domino
801 2401 811 2438 .·
838 2399 889 2440 nec
914 2400 985 2456 quo·

164 2477 334 2546 modolibet,
350 2477 402 2533 sed
417 2485 498 2548 punct
513 2490 627 2532 monum
646 2492 730 2547 super
761 2483 843 2548 caput
868 2479 932 2547 etus
961 2482 987 2531 et

164 2567 321 2625 immutabit
334 2582 397 2623 cum
411 2567 534 2622 Domino.
549 2565 657 2622 tnimae
666 2565 797 2638 peccanti
808 2565 985 2638 praecipitur,

165 2660 199 2713 ut
210 2656 312 2713 otterat
327 2671 451 2728 coptam,
468 2654 594 2728 principi
610 2656 741 2727 peccanti
761 2654 941 2727 praecipitur,
955 2657 987 2710 ut

165 2744 267 2803 offerat
281 2745 389 2801 hircum
406 2769 413 2810 t
429 2744 478 2800 sed
498 2749 559 2799 tem
587 2759 639 2815 pro
666 2748 783 2816 peccato
813 2743 985 2810 sacerdotis,

165 2850 255 2908 quam
271 2850 323 2907 pro
339 2838 456 2907 peccato
467 2831 677 2902 multitudinis,
695 2833 856 2904 imperatur
870 2831 986 2888 utullu-

165 2923 209 2980 lut
225 2921 585 2979 offeraturimmacalotua.
607 2921 686 2977 Unde
714 2920 877 2991 conjicitur,
907 2921 985 2992 quod

163 3015 316 3084 peccatum
332 3010 494 3067 sacerdotis
518 3010 610 3066 totius
639 3008 840 3066 multitudinis
870 3014 985 3081 peccato

164 3104 348 3170 coaequatum
365 3099 435 3170 quin
456 3100 593 3155 sacerdos
607 3098 636 3154 in
662 3114 716 3154 suo
744 3102 862 3170 peccato
891 3103 983 3155 totam

163 3188 233 3244 iacit
243 3187 414 3260 delinquere
428 3187 657 3244 multitudinem.
671 3187 773 3260 offerat
783 3204 850 3259 ergo
860 3188 983 3245 sacerdos

164 3294 217 3351 pro
231 3283 350 3350 peccato
362 3278 486 3334 uitulum
501 3279 733 3346 immacutatum
766 3277 837 3350 quin
865 3278 985 3350 grandis

54 3398 56 3403 .
165 3365 254 3440 culpa
267 3367 372 3439 grandi
389 3368 475 3423 debet
489 3366 587 3424 hostia
600 3366 722 3439 expiari.
732 3366 917 3424 Pervitulum
929 3367 984 3423 im·

165 3456 347 3514 maculatum
364 3455 514 3513 moraliter
528 3455 722 3530 intelligimus
732 3456 869 3530 spiritum
879 3456 986 3515 contri·

165 3546 300 3603 balatum
313 3565 321 3616 ;
337 3547 406 3618 quia
415 3569 429 3596 «
442 3546 619 3603 sacrificium
630 3546 688 3603 Deo
698 3547 821 3618 spiritus
837 3547 986 3603 contribu-

166 3635 255 3705 latus,
290 3651 341 3691 cor
367 3637 525 3691 contritum
555 3643 584 3691 et
609 3636 798 3692 humiliatum
823 3635 899 3692 Deus
928 3652 986 3692 non

165 3724 382 3796 spernitll’sot.
399 3725 435 3796 a).
453 3725 532 3779 »Hie
560 3724 680 3793 vitulus,
709 3724 769 3780 brec
796 3725 903 3794 hostia,
933 3725 988 3781 boc

165 3812 343 3870 sacrificium
359 3814 445 3869 debet
455 3813 551 3869 oderri
576 3813 700 3870 Domino
717 3830 768 3886 pro
799 3820 936 3885 peccato:
954 3819 987 3870 ut

163 3901 274 3958 vitulus
289 3901 340 3975 qui
362 3903 508 3974 peccando
524 3903 617 3958 luerat
633 3902 797 3959 indomitus
810 3919 862 3976 per
881 3919 987 3976 super-

162 3991 253 4062 biam,
270 3991 438 4065 poenitsndo
452 4009 502 4063 per
517 3991 714 4048 bumilitatem
730 3992 876 4057 dometur,
891 3997 920 4047 et
934 3993 985 4063 J'u·

160 4096 233 4154 gum
248 4079 355 4137 Christi
372 4079 525 4153 suscipiat,
540 4081 576 4136 de
591 4097 649 4153 quo
665 4080 736 4138 dicit
751 4081 780 4136 in
808 4080 984 4153 Evangelio:

120 4202 125 4212 ·
160 4170 298 4244 «iugum
315 4187 413 4227 meum
443 4188 532 4228 suave
558 4179 614 4236 eet,
643 4175 671 4228 et
698 4188 773 4229 onus
798 4187 897 4228 meum
922 4171 984 4229 leve

160 4260 255 4329 (Haut
281 4264 330 4333 ιιι).
360 4285 374 4310 υ
399 4260 480 4316 Tunc
509 4261 586 4317 Deus
611 4260 775 4334 acceptabit
803 4261 982 4318 sacrificium

155 4347 291 4421 justitie,
309 4372 324 4400 a
335 4355 404 4406 tunc
420 4349 555 4422 impones
570 4367 660 4423 super
685 4351 777 4408 altare
792 4350 858 4421 ejus
874 4348 982 4407 vitulos

158 4437 244 4508 (Psoi.
262 4439 298 4509 ι).
317 4461 331 4488 »
343 4470 376 4478 -
387 4462 401 4489 a
415 4441 550 4496 Adducet
564 4457 632 4514 ergo
648 4441 785 4497 sacerdos
801 4440 925 4497 vitulum
944 4440 980 4496 ad

157 4525 266 4581 ostium
283 4527 477 4597 tabernaculi,
491 4530 881 4601 perorieconlessionem‚et
892 4534 981 4601 ponat
994 4515 1018 4581 D
1036 4485 1187 4554 delidum’
1202 4486 1274 4559 qm
1289 4504 1346 4544 ⁰⁰⁰
1362 4488 1480 4562 ⁶5⁰in
1496 4493 1529 4546 ut

41 4664 44 4669 .
156 4630 278 4670 menum
293 4632 380 4671 suam
396 4633 485 4690 super
499 4622 588 4691 ceput
602 4620 676 4690 eJus,
692 4635 744 4691 per
755 4617 852 4690 operis
864 4618 979 4674 satistu-

154 4702 301 4760 ctionem:
319 4709 347 4760 ot
362 4705 494 4763 immolet
509 4724 576 4764 eum
592 4707 727 4777 Domino,
740 4724 791 4780 per
801 4706 897 4763 cordis
910 4722 977 4763 con·

153 4791 321 4850 tuitionem:
343 4800 377 4850 ut
400 4793 531 4851 diluatur
558 4804 707 4870 peccatum
733 4795 919 4869 cogitationis
946 4795 977 4851 in

153 4882 250 4950 corde,
267 4887 419 4955 peccatum
432 4884 589 4943 locutionis
602 4887 631 4943 in
643 4905 703 4954 occ,
715 4892 867 4959 peccatum
877 4904 977 4960 opera·

1047 832 1367 890 monisaccusutoreet
1395 834 1441 891 sui
1471 835 1565 907 (Prcu.
1582 834 1681 907 xviri).
1701 856 1718 885 »ι
1749 833 1806 900 Qui
1832 851 1870 890 ce

1045 936 1109 976 ram
1124 921 1392 996 Deasemetipsum
1421 928 1646 991 accusabimus
1679 923 1773 979 illum
1799 939 1869 979 erca-

1045 1016 1101 1066 sat.
1117 1011 1151 1066 lit
1160 1013 1211 1084 qul
1225 1027 1324 1069 coram
1340 1017 1396 1070 Deo
1412 1012 1606 1085 semetipsum
1632 1016 1779 1079 excusat,
1808 1011 1871 1069 Deae

1043 1097 1128 1155 illum
1148 1104 1278 1157 accusat.
1307 1102 1505 1157 Recurramus
1534 1102 1570 1157 ad
1597 1100 1816 1174 Evangelium,
1840 1100 1871 1157 ibi

1044 1187 1227 1244 inveniemus
1242 1189 1427 1262 exemplum:
1446 1210 1461 1242 a
1477 1195 1538 1246 Duo
1564 1189 1708 1247 homines
1738 1191 1871 1247 ascende·

1044 1277 1156 1333 runtin
1182 1279 1337 1352 templum,
1367 1285 1400 1336 ut
1426 1284 1544 1337 orarent
1572 1280 1796 1352 (tuc.xv1u),»
1824 1285 1870 1336 ate

1042 1366 1169 1424 Multum
1184 1369 1274 1426 distet
1284 1370 1360 1426 inter
1374 1369 1589 1428 contessionem
1604 1369 1760 1443 criminis,
1772 1369 1871 1443 quasti

1043 1456 1071 1512 in
1088 1457 1216 1514 humano
1228 1458 1354 1532 judicio,
1369 1464 1398 1516 et
1412 1475 1476 1516 eam
1493 1476 1558 1533 quea
1573 1459 1606 1516 tlt
1621 1459 1651 1516 in
1669 1459 1779 1516 divino
1807 1458 1870 1516 Nan

1042 1545 1093 1601 illa
1108 1547 1294 1618 condemnat,
1310 1547 1564 1620 etistajustillcat.
1579 1550 1611 1606 ln
1622 1548 1869 1621 itlojudiciocna

1042 1652 1111 1691 reus
1125 1636 1291 1704 conlitetur,
1303 1636 1450 1710 plectitur,
1462 1637 1493 1694 in
1504 1639 1561 1695 isto
1573 1637 1754 1710 absolvitur,
1771 1641 1803 1695 et
1813 1638 1868 1696 idco

1042 1724 1187 1797 Propheta
1202 1725 1396 1798 deprecatur:
1413 1748 1428 1778 a
1438 1727 1501 1784 Non
1517 1727 1675 1785 absorbeat
1686 1744 1738 1786 me
1752 1728 1867 1802 prolan-

1040 1814 1120 1869 dum.
1138 1830 1233 1887 neque
1243 1820 1347 1888 urgeat
1361 1832 1448 1888 saper
1463 1832 1510 1873 me
1523 1821 1671 1890 puteusos
1683 1833 1778 1874 suum
1788 1818 1864 1891 (Part

1041 1904 1147 1976 cxviii).
1166 1925 1180 1954 ιι
1189 1904 1245 1961 Sed
1253 1905 1339 1962 valde
1348 1907 1575 1976 cavendumest,
1585 1923 1620 1964 na
1631 1907 1703 1979 quis
1716 1907 1754 1964 ad
1766 1908 1862 1965 ostien

1040 1992 1221 2050 tabernaculi
1236 2012 1294 2051 non
1311 1995 1447 2065 vitulum,
1460 1998 1510 2053 sed
1522 1995 1638 2069 vulpem
1649 1997 1862 2055 adducat.Nan

1041 2080 1090 2153 qai
1107 2087 1226 2155 peccata
1240 2100 1294 2140 sua
1310 2084 1416 2156 partim
1432 2085 1550 2155 revelat,
1566 2089 1595 2141 et
1615 2085 1729 2158 partim
1746 2087 1862 2144 occultat

1039 2169 1083 2226 vel
1101 2187 1189 2227 unam
1206 2176 1318 2242 partem
1330 2173 1392 2242 uni,
1402 2177 1431 2229 et
1442 2173 1565 2230 alteram
1577 2176 1691 2248 partem
1704 2174 1791 2232 altem
1801 2191 1860 2233 eoa·

1040 2260 1158 2316 litetur:
1176 2261 1219 2318 rel
1228 2263 1365 2335 exprimit
1376 2262 1496 2331 iactum,
1509 2270 1538 2319 ot
1547 2263 1713 2337 supprimit
1723 2263 1756 2321 in
1769 2266 1860 2322 eodem

1041 2349 1255 2407 intentionem:
1271 2367 1323 2407 seu
1339 2351 1595 2409 crimenattenunt
1621 2358 1651 2410 at
1679 2358 1816 2425 excusat,
1838 2355 1859 2410 ia

1040 2440 1171 2511 prolecto
1184 2440 1390 2509 nonvitulum,
1413 2441 1464 2498 sed
1485 2442 1601 2514 vulpem
1630 2442 1768 2500 adducit.
1796 2443 1857 2500 Nau

1044 2526 1173 2600 avulpes
1191 2527 1288 2585 loreas
1303 2528 1422 2601 babent,
1432 2534 1460 2586 et
1470 2529 1602 2588 volucres
1613 2531 1678 2588 oceli
1689 2533 1780 2590 nidos
1790 2532 1858 2607 (ne.

1041 2616 1091 2688 ιιι).
1110 2638 1123 2665 »
1138 2616 1197 2672 Nos
1213 2622 1324 2686 sutem,
1340 2619 1504 2675 secundum
1520 2619 1708 2693 prophetam,
1725 2644 1741 2673 a
1759 2622 1858 2678 radda·

1040 2722 1108 2761 mus
1123 2704 1231 2762 vitulos
1245 2705 1390 2763 labiorum
1407 2713 1575 2766 nostrornm
1586 2710 1679 2783 (osce.
1690 2711 1765 2784 xiv).
1782 2734 1798 2763 »
1808 2727 1859 2768 om

1041 2795 1365 2867 nemomninopccoati
1396 2797 1651 2855 circumstantiam
1679 2800 1860 2872 cantitantes,
1897 2798 1898 2803 ’

1040 2884 1202 2940 secundum
1219 2886 1297 2957 quod
1314 2886 1408 2959 magis
1436 2888 1641 2960 peccavimus:
1671 2888 1703 2945 in
1734 2889 1809 2960 loco,
1835 2890 1860 2946 ia

1040 2977 1184 3045 tempore,
1193 2974 1223 3029 in
1233 2990 1367 3045 numero,
1379 2975 1408 3031 in
1420 2987 1544 3050 persona
1555 2997 1562 3047 ς
1575 2979 1742 3036 secundnm
1751 2986 1860 3037 etatem

1039 3061 1860 3140 secundamscientiam,secundamgradum,socundam

999 3144 1021 3211 C
1040 3148 1172 3206 ordinem
1185 3169 1192 3219 ;
1209 3150 1235 3206 si
1250 3151 1344 3218 facile,
1356 3152 1382 3208 si
1397 3153 1576 3226 frequenter,
1587 3155 1614 3211 si
1635 3155 1804 3227 manitaste,
1826 3156 1861 3214 si·

1039 3244 1268 3310 perseveranter.
1284 3243 1345 3297 Hoc
1359 3240 1437 3297 enim
1455 3242 1633 3316 precipitur,
1649 3249 1682 3300 ut
1700 3246 1860 3303 adducatur

1039 3327 1149 3383 vitulas
1163 3328 1311 3385 ndostium
1328 3331 1509 3388 tabernaculi
1534 3348 1627 3391 coram
1654 3334 1786 3405 Domino,
1814 3335 1859 3408 qni

1040 3422 1191 3473 scrutatur
1201 3439 1216 3467 α
1232 3433 1317 3476 renes
1331 3423 1359 3476 et
1374 3421 1568 3493 carantanae.
1585 3423 1628 3495 ιι),
1645 3444 1660 3473 »
1675 3424 1859 3496 cnjusooulis

1040 3507 1140 3563 omnia
1155 3509 1235 3564 nude
1249 3513 1320 3564 sunt
1333 3514 1362 3566 et
1376 3516 1477 3582 aperta
1491 3512 1582 3584 (Hert.
1598 3513 1650 3584 ιι),
1667 3535 1679 3564 ι
1695 3528 1786 3586 quana
1797 3513 1857 3571 nul·

1040 3594 1102 3651 lum
1118 3596 1188 3653 latet
1203 3603 1345 3654 secretum
1363 3598 1478 3656 nullam
1493 3600 1568 3657 tellit
1581 3601 1744 3659 occultum.
1761 3604 1793 3660 ln
1809 3603 1860 3659 bu·

1041 3701 1129 3741 mano
1145 3686 1253 3759 quippe
1264 3687 1389 3758 judicio,
1404 3704 1472 3744 cum
1490 3706 1557 3747 reus
1582 3690 1739 3748 contltetur
1764 3709 1860 3766 pacca-

1040 3778 1115 3842 tum,
1127 3774 1216 3846 jadex
1229 3774 1400 3833 instruitur:
1412 3777 1442 3832 in
1457 3778 1554 3837 divino
1568 3780 1684 3851 judicio
1698 3797 1769 3838 cum
1798 3797 1862 3838 reus

1040 3863 1196 3919 confitetur
1211 3870 1372 3937 peccatum,
1395 3865 1538 3924 Dominus
1566 3868 1762 3928 obliviscitur.
1792 3870 1861 3927 Nam

1040 3967 1217 4025 quocunque
1232 3952 1304 4009 bora
1315 3960 1450 4027 peccator
1464 3956 1554 4014 luerit
1568 3974 1728 4015 conversas
1742 3964 1774 4016 et
1788 3959 1862 4032 inge·

1041 4042 1157 4108 muerit,
1171 4043 1328 4099 «omnium
1338 4043 1528 4116 iniquitatum
1540 4047 1605 4118 ejus
1616 4063 1674 4104 non
1691 4048 1862 4105 recordabor

1038 4129 1150 4201 (Eteri.
1165 4131 1256 4203 xvia),
1272 4153 1287 4182 ιι
1302 4132 1343 4188 ait
1353 4131 1507 4190 Dominus.
1518 4135 1625 4192 Caveat
1633 4152 1704 4210 ergo
1714 4136 1861 4205 sacerdos,

1038 4219 1084 4275 cui
1100 4220 1257 4276 conlitetur
1272 4224 1416 4293 peccator,
1432 4238 1489 4279 non
1507 4228 1539 4280 ut
1552 4222 1677 4291 bomini,
1692 4226 1746 4282 sed
1763 4230 1795 4282 at
1805 4225 1860 4283 Deo

1037 4325 1074 4365 ne
1089 4310 1162 4365 torte
1172 4312 1240 4382 post
1248 4309 1462 4368 contessionem
1473 4312 1603 4369 auditam
1615 4314 1787 4372 mcordetur
1797 4331 1859 4389 pec·

1036 4397 1113 4453 cati:
1131 4397 1245 4456 licceat
1259 4413 1295 4455 ne
1309 4400 1398 4456 verbo
1413 4399 1456 4456 vel
1485 4401 1570 4475 signo
1595 4401 1701 4460 innuat
1726 4420 1760 4462 aa
1788 4404 1859 4462 scire

1557 4490 1668 4549 vitulus
1695 4493 1860 4551 adducatur

1032 4575 1068 4631 od
1083 4575 1186 4631 ostium
1200 4576 1377 4634 tabernaculi
1391 4595 1489 4635 coram
1502 4579 1632 4650 bomine,
1646 4582 1698 4639 sed
1708 4583 1859 4641 coramlto

1031 4666 1118 4721 mino.
1134 4665 1259 4722 Gravius
1273 4667 1352 4722 enim
1366 4671 1466 4740 peccat
1482 4670 1630 4740 sacerdos,
1642 4670 1693 4743 qui
1706 4676 1857 4744 peccatam

1032 4753 1151 4826 revelat,
1167 4772 1254 4828 quam
1268 4755 1356 4813 homo
1371 4757 1420 4830 qui
1436 4764 1586 4830 peccatum
1603 4760 1775 4820 committit.

1066 4880 1220 4952 Sequitur:
1237 4880 1268 4936 nt
1281 4886 1367 4953 ponet
1381 4898 1496 4938 mamam
1509 4899 1593 4956 super
1606 4889 1691 4958 capot
1702 4887 1774 4959 ejua
1804 4886 1856 4944 Per

152 4971 242 5028 tionis
256 4973 284 5027 in
300 4974 523 5031 consuetudine.
540 4977 690 5042 Quatenus
705 4976 804 5049 puelle
816 4976 976 5033 suscitetur
1029 4975 1119 5042 caput
1133 4968 1216 5025 vituli
1233 4969 1394 5043 principale
1406 4971 1524 5043 mentis,
1536 4971 1565 5028 id
1577 4978 1622 5030 est
1634 4975 1708 5031 ratio
1719 4975 1855 5049 designa·

151 5059 182 5116 in
198 5061 286 5118 domo
301 5062 407 5134 (llottlt.
424 5063 474 5135 rx),
490 5064 661 5121 adolescens
675 5065 706 5121 in
723 5066 974 5138 pontaldemeri),
1030 5065 1087 5128 tur,
1103 5059 1265 5116 secandum
1278 5058 1371 5116 illud:
1389 5082 1404 5110 ιι
1419 5059 1502 5135 Uaga
1529 5067 1620 5135 caput
1647 5067 1733 5121 tuum
1758 5070 1789 5123 et
1813 5065 1856 5122 la·

151 5149 278 5208 Lazarus
292 5150 323 5207 in
340 5158 531 5210 monumento
557 5154 711 5226 (tecam).
742 5154 876 5211 adducat
904 5170 974 5228 ergo
1028 5149 1102 5205 ciem
1118 5152 1198 5204 tuam
1215 5146 1383 5205 lavaci’or
1406 5166 1529 5207 manum
1558 5152 1737 5226 intelligitur
1751 5171 1854 5228 opera·

150 5241 476 5299 sacerdosvitulumad
496 5242 972 5316 ostiumtabernaculi.Siperta-
1027 5238 1078 5307 tio,
1103 5236 1266 5294 secundum
1294 5236 1386 5296 illud:
1417 5240 1549 5297 «Anima
1575 5243 1686 5299 megin
1716 5244 1855 5302 maniam

148 5325 971 5405 bernaculumintelligimaacorpus,inquo,secandam
1028 5327 1349 5400 meissemperfflottb.
1368 5331 1441 5400 ιι).ι
1459 5329 1634 5388 Tuncenim
1664 5348 1855 5407 maaumpo·

146 5415 332 5488 Apostolum,
349 5444 362 5470 «
377 5421 599 5495 peregrinamur
613 5440 630 5479 a
646 5422 767 5479 Domino
779 5422 818 5493 (ι)
831 5422 892 5479 cor,
909 5426 970 5492 v)‚»
1026 5417 1126 5476 nimus
1141 5431 1232 5488 super
1246 5421 1334 5489 caput
1349 5418 1443 5490 vituli,
1458 5434 1524 5477 oum
1533 5421 1735 5494 operationem
1744 5420 1854 5481 consti·

145 5503 277 5576 prolecto
292 5522 344 5578 per
358 5512 467 5568 ostium
481 5512 663 5570 tabernaculi
674 5512 815 5569 debemus
825 5528 858 5569 os
868 5527 971 5585 corpo·
1024 5508 1139 5564 tuimus
1152 5518 1244 5577 super
1256 5505 1412 5579 rationem,
1427 5512 1472 5577 ut,
1487 5509 1651 5567 secundum
1665 5510 1855 5585 Apostolum,

143 5592 186 5654 ris
201 5591 376 5670 intelligere,
391 5599 427 5658 de
437 5617 496 5676 quo
507 5600 578 5660 dicit
586 5601 677 5660 David
691 5617 725 5659 2«
738 5601 825 5671 Pone,
835 5600 969 5673 Domine,
1025 5616 1041 5649 a
1056 5591 1231 5655 rationabile
1250 5594 1291 5653 sit
1316 5595 1480 5670 obsequiun
1509 5601 1657 5670 nostram,
1685 5602 1720 5658 ut
1745 5598 1854 5677 dignos
