3796 5986
24 288 27 295 “
124 285 180 340 3Ί5
549 277 757 333 ΙΝΝΟΟΕΝΤΙ]
778 276 817 331 ΙΙΙ
837 278 939 332 PAPAE
957 277 1153 333 SERMONES
1171 281 1219 332 DE
1238 279 1418 335 Teneone.
1780 273 1837 329 376

124 411 152 465 et
163 413 257 479 posteo
271 403 436 472 esuriisset,
451 400 566 457 arcessit
579 400 620 456 ad
633 416 699 455 eum
714 404 875 469 tentator‚et
889 399 951 453 ait:
965 399 992 466 Α
1007 399 1168 455 secundum
1180 401 1386 458 auctoritatem
1395 403 1552 476 Scriptura
1567 401 1748 472 respondens
1760 416 1767 455 :
1780 399 1835 456 Do·

126 492 340 566 bicatlapides
367 491 416 546 isti
428 506 517 562 porres
533 489 601 559 fiam
630 505 639 542 :
667 487 826 543 intendens
854 486 897 541 illi
927 489 952 542 si
1005 488 1114 543 minum
1138 490 1224 545 Deam
1257 498 1336 545 tuum
1369 491 1511 561 adorabis,
1536 496 1562 547 et
1584 491 1632 547 itti
1653 491 1707 546 soii
1730 489 1838 544 servies

127 587 228 658 posset
244 599 295 655 per
310 580 433 636 nimiam
449 578 617 635 aviditatem
642 577 747 634 edendi
773 576 889 632 trahere
915 577 951 631 ad
1007 576 1348 648 (licut.v11),idestsoli
1375 582 1432 637 Deo
1456 581 1628 637 servitutem
1650 577 1836 635 adorationis

130 677 295 746 peccatum,
311 670 389 726 sicut
408 665 476 724 olim
493 670 579 734 Esau,
609 665 658 737 qui
677 665 782 721 tamem
807 665 954 721 sustinere
1007 665 1171 738 impendes.

129 761 357 823 consultamus,
382 774 432 828 pro
457 756 544 813 lentis
570 753 668 811 edulio
692 754 823 810 vendidit
843 753 953 827 primo·
1042 756 1085 811 Ad
1105 759 1281 814 tentandum
1306 760 1392 816 etiarn
1420 761 1455 816 de
1473 761 1617 832 jactantie
1644 774 1766 815 seusam
1784 774 1836 813 ae-

131 849 228 923 genita
243 847 319 922 (Gen.
335 849 423 916 xxxi.
1009 845 1137 915 sumpsit
1151 844 1332 916 idoneam,et
1343 846 1535 920 congruumlo
1546 864 1615 902 cum
1627 843 1748 901 invenit.
1759 843 1837 908 Quo·

167 939 225 995 Nos
239 936 426 1008 ergo,lratres
436 937 465 988 et
480 932 701 1002 fllii,ceveamue
710 932 851 988 astutiam
859 935 954 988 tenta·
1010 932 1089 988 niam
1105 935 1254 1007 asscripsit
1268 951 1331 991 aum
1345 953 1374 992 aa
1390 939 1514 993 sanctam
1525 934 1678 1002 civitatem,
1694 941 1720 989 et
1733 933 1837 988 statuit

134 1027 232 1096 tionis,
250 1042 286 1080 ne
302 1026 374 1079 torte
390 1039 455 1078 cum
476 1023 660 1092 jejunamus.
686 1038 735 1093 per
759 1022 879 1077 nimiam
896 1021 956 1077 evi·
1011 1036 1074 1076 eum
1096 1038 1184 1092 supra
1209 1023 1395 1095 pinnaculum
1418 1024 1522 1097 tempti,
1547 1022 1667 1079 dicens:
1692 1022 1722 1077 Si
1746 1021 1837 1076 Filias

130 1113 252 1171 ditatsm
264 1111 851 1183 edenditrahamuredoulpem.Quienon
861 1110 957 1168 solum
1012 1112 1063 1166 Dei
1077 1126 1116 1177 es,
1131 1110 1211 1167 mitte
1225 1116 1250 1168 te
1264 1112 1400 1169 deorsum.
1423 1119 1484 1170 Duo
1509 1120 1577 1170 sunt
1591 1113 1627 1169 de
1650 1111 1761 1183 quibus
1783 1111 1839 1165 ho-

131 1204 162 1260 in
177 1201 267 1258 variis
283 1200 537 1257 leroulisetleutie
552 1200 733 1271 cibariis,sed
751 1201 781 1255 in
796 1200 868 1257 hora
884 1218 957 1273 pre·
1013 1198 1108 1255 mines
1137 1216 1168 1256 se
1192 1201 1287 1274 magis
1305 1218 1482 1259 consuevere
1504 1202 1626 1274 iactare,
1651 1200 1784 1272 dignitas
1810 1203 1839 1255 et

134 1297 234 1358 vente,
249 1295 278 1346 et
291 1291 320 1345 in
336 1289 468 1362 appetitu
494 1289 686 1345 immoderato
711 1294 859 1361 peccatur.
877 1291 958 1346 Unde
1012 1286 1143 1345 scientie.
1158 1293 1296 1348 Doctores
1311 1291 1490 1358 descientia,
1507 1290 1673 1347 secerdotes
1688 1289 1724 1344 de
1739 1287 1838 1360 digni-

136 1398 195 1438 non
211 1381 275 1436 eit:
294 1379 344 1435 Dio
356 1379 510 1450 utlepidee
521 1378 569 1433 isti
581 1394 683 1435 carnee
700 1379 837 1445 blectent
852 1380 958 1451 pisces,
1012 1380 1082 1432 tate.
1100 1377 1224 1448 ideoque
1240 1378 1276 1435 de
1286 1379 1432 1451 jactantie
1459 1385 1637 1446 tentaturus,
1659 1379 1760 1434 statuit
1773 1393 1837 1432 eum

135 1487 172 1526 ne
187 1471 260 1526 torte
275 1469 306 1523 in
321 1468 395 1523 cibis
410 1467 498 1523 lautis
513 1473 542 1523 et
557 1467 645 1523 variis
661 1468 899 1540 deprehendatur
914 1469 957 1524 fa·
1013 1479 1097 1537 supra
1119 1467 1301 1536 pinnaculum
1329 1468 1436 1540 templi,
1460 1466 1511 1540 qui
1535 1466 1617 1523 locus
1637 1471 1681 1522 est
1699 1464 1838 1539 proprius

135 1557 221 1616 cilius
235 1557 344 1613 astutia
358 1556 530 1623 tentatoris3
547 1556 597 1612 sed
621 1556 694 1612 dixit
709 1573 716 1612 τ
731 1556 780 1613 bic
799 1560 831 1612 ut
854 1556 960 1631 lapidas
1014 1554 1167 1609 doctorum
1177 1556 1597 1627 etssoerdotumtttquonism
1610 1556 1660 1627 qui
1677 1555 1837 1627 scisciam,

137 1648 186 1704 isti
197 1661 283 1718 peaes
298 1645 376 1715 fiant,
393 1648 426 1698 ut
440 1642 465 1699 ei
480 1644 567 1699 lamis
591 1644 749 1717 impatiens
764 1644 878 1718 lapides
894 1663 959 1702 mu·
1014 1641 1301 1700 leudcmhumenam
1313 1643 1838 1717 desiderent,eterpetunthumanum

40 1756 44 1763 ⁸
136 1739 211 1791 taret
224 1734 254 1789 in
271 1749 371 1805 panes,
387 1731 480 1786 nimia
494 1731 762 1804 deprehenderetur
776 1733 901 1791 aviditas
913 1750 960 1791 oo·
1016 1730 1154 1798 favorem,
1171 1733 1279 1790 idcirco
1294 1735 1330 1789 de
1341 1735 1488 1806 jactantia
1504 1738 1683 1805 tentaturus,
1699 1750 1770 1789 eum
1782 1749 1838 1788 nou

138 1821 285 1879 medendi.
302 1821 460 1876 Attendant
474 1821 528 1876 hoc
544 1820 655 1892 itli‚qui
670 1822 767 1879 varios
782 1823 960 1894 exquirendo
1016 1820 1044 1876 in
1060 1819 1158 1877 locum
1174 1822 1335 1890 desertum,
1352 1824 1403 1879 sed
1427 1826 1457 1879 ia
1483 1822 1623 1879 ciuitatem
1645 1824 1770 1878 sanctam
1795 1837 1838 1877 as·

67 1913 70 1916 ’
139 1928 269 1984 sapores,
292 1908 489 1965 substantiam
518 1914 692 1965 convertunt
713 1910 742 1966 in
765 1911 912 1980 accidens,
934 1918 962 1968 et
1015 1912 1144 1981 sumpsit,
1161 1914 1272 1966 utoum
1290 1911 1398 1968 favoris
1427 1911 1573 1984 applausu
1603 1911 1639 1967 ab
1668 1910 1840 1966 hominihus

139 2005 274 2056 naturam
290 1999 320 2055 in
336 2003 440 2064 artem,
457 2001 489 2053 ut
504 2003 662 2070 provocent
677 2004 706 2056 et
720 2006 856 2057 revocent
871 2017 960 2074 appe·
1015 1999 1193 2055 laudaretur.
1211 1998 1247 2054 Ut
1261 2004 1358 2055 eutem
1374 2000 1563 2070 persuaderet
1575 1999 1690 2056 lucilius
1706 1999 1784 2071 quod
1796 1998 1840 2053 di-

139 2090 237 2145 titum.
1016 2087 1110 2152 cebet,
1126 2086 1329 2158 propheticum
1341 2087 1463 2159 protulit
1477 2089 1692 2157 testimonium,
1701 2088 1754 2144 sed
1767 2086 1840 2143 illud

173 2179 215 2235 Ad
231 2179 405 2235 tentandum
420 2192 488 2233 veru
504 2177 539 2232 de
554 2176 679 2234 avaritia
692 2194 811 2235 caueam
827 2178 962 2238 idoneam
1017 2175 1053 2231 ed
1068 2175 1198 2231 alienum
1212 2191 1332 2232 sensum
1355 2179 1505 2250 pervertit,
1530 2182 1562 2234 ut
1586 2176 1711 2250 spiritus
1735 2176 1841 2234 erroris

138 2268 348 2324 assumendam
365 2266 490 2334 invenit;
507 2266 579 2337 quie
591 2267 674 2322 duait
695 2264 779 2323 illum
792 2267 917 2326 diabolus
931 2270 961 2326 in
1016 2264 1182 2320 hereticam
1199 2265 1358 2322 instrueret
1373 2268 1557 2338 pravitatem.

137 2362 257 2414 marstem
268 2357 417 2423 excelsum,
430 2364 457 2411 ot
471 2355 587 2411 ostendit
603 2354 629 2410 si
643 2357 740 2411 omnio
763 2373 852 2426 reone
866 2359 963 2416 mundi
1053 2354 1140 2411 Porro
1155 2371 1221 2412 aum
1238 2372 1272 2412 ex
1287 2356 1410 2413 diversis
1425 2358 1535 2425 causis,
1562 2358 1591 2414 in
1612 2357 1738 2414 diversis
1759 2356 1841 2424 locis,

139 2455 167 2502 et
179 2444 306 2520 utorium
324 2460 429 2510 eoram,
445 2447 472 2499 et
486 2445 529 2499 ait
545 2444 626 2499 :lisa
649 2446 747 2501 omnia
770 2445 823 2501 tibi
846 2446 964 2519 dabo,si
1017 2445 1141 2500 diversis
1162 2444 1257 2501 modis
1280 2449 1432 2514 tentasset,
1457 2463 1510 2503 neo
1534 2447 1715 2519 profecisset,
1742 2446 1842 2502 contu·

138 2536 243 2592 cadens
256 2533 414 2590 adoraveris
427 2549 479 2588 me.
497 2533 646 2588 Attendite
662 2531 818 2607 diligenter
839 2535 963 2593 insidias
1018 2550 1070 2589 aue
1084 2533 1220 2591 abcessit.
1237 2534 1310 2601 tinia
1325 2533 1515 2607 reliquissem
1538 2536 1676 2605 diabolus,
1700 2541 1728 2591 ct
1753 2551 1842 2590 acces

138 2623 263 2680 inimici.
280 2622 316 2678 Ut
331 2621 409 2677 enim
426 2622 556 2677 traheret
571 2619 656 2677 illum
671 2623 705 2677 ed
723 2625 870 2693 assumta
882 2642 963 2681 mor·
1017 2623 1218 2694 seruatarvpeti
1232 2631 1258 2678 et
1277 2623 1476 2679 ministrabant
1493 2624 1529 2680 ei.
1547 2624 1621 2691 Quid
1637 2630 1735 2681 autem
1753 2622 1841 2680 mini-

140 2720 192 2768 tcm
204 2712 342 2768 excelsum
355 2710 523 2782 assumpsit,
538 2710 608 2782 quia
626 2717 737 2781 quanto
763 2714 857 2784 major
871 2714 964 2770 excel·
1018 2712 1153 2767 atrebant
1168 2709 1275 2784 angeli,
1289 2728 1326 2767 en
1342 2712 1440 2769 aihum
1452 2712 1615 2769 esurienti?
1628 2714 1684 2769 Sed
1697 2711 1843 2786 quidquid

141 2800 231 2858 lentie
244 2804 326 2855 tento
341 2798 457 2870 gravior
470 2802 515 2854 est
529 2799 666 2855 ruinellt
683 2805 715 2854 ut
729 2801 868 2857 excitaret
883 2803 963 2858 etin·
1019 2800 1045 2856 ei
1061 2798 1156 2872 angeli
1169 2799 1575 2870 ministraverunt,moraliter
1586 2820 1639 2859 nos
1653 2802 1842 2865 instruimur,

141 2890 249 2945 vitaret
264 2888 530 2958 concupiscentiam
546 2887 842 2956 oculorum,ostendit
855 2895 884 2946 et
898 2908 964 2962 pro·
1020 2888 1130 2960 quiesi
1145 2889 1322 2946 tentationes
1338 2891 1446 2948 diaboli
1470 2892 1672 2947 curaverimus
1696 2895 1782 2948 caute
1797 2906 1843 2946 re·

143 2975 225 3033 misit
238 2976 333 3032 amnia
356 2990 441 3045 rapae
464 2976 563 3032 maadi
585 2984 611 3033 et
632 2976 754 3046 adoriam
776 2994 879 3036 eorum.
908 2981 963 3036 Sed
1021 2976 1137 3049 pellere,
1153 2977 1281 3049 prolecto
1297 2979 1381 3035 nohis
1396 2980 1493 3053 angeli
1509 2981 1730 3037 ministrabunt.

141 3080 208 3121 aum
225 3063 307 3136 prius
322 3068 576 3136 tentasset,neque
590 3066 757 3123 seduxisset
772 3068 808 3123 de
823 3069 892 3125 vitio
902 3086 964 3125 cor·
1057 3065 1181 3122 Oramus
1197 3082 1276 3139 ergo,
1292 3067 1397 3124 tratres
1411 3073 1441 3125 et
1455 3068 1518 3139 filii,
1534 3070 1694 3126 Dominum
1709 3072 1843 3124 nostrum

141 3152 245 3226 parali,
261 3151 316 3208 hoo
330 3156 374 3207 est
388 3152 424 3207 de
439 3151 518 3224 gula,
536 3169 639 3208 rursus
659 3159 754 3211 tentat
768 3157 804 3213 de
816 3157 888 3214 vitio
903 3160 963 3231 spi·
980 3130 1002 3198 G
1019 3156 1121 3214 desum
1137 3155 1300 3226 Christum,
1316 3157 1408 3229 utqui
1429 3158 1582 3215 tentatoris
1607 3157 1755 3231 superavit
1769 3161 1846 3213 astu·

142 3240 253 3309 rituali,
271 3240 325 3296 hoc
340 3245 385 3295 est
399 3240 434 3295 de
458 3240 590 3297 avaritie.
613 3241 757 3300 Dominus
779 3251 877 3302 autem
893 3265 965 3305 con·
1021 3244 1088 3310 tias,
1102 3243 1165 3317 ipse
1181 3261 1235 3300 nos
1249 3243 1354 3302 liberet
1368 3247 1405 3301 eb
1420 3246 1538 3302 insidiis
1549 3246 1777 3314 tentatoris,neo
1792 3262 1847 3301 nos

142 3328 346 3388 tredeiectum
363 3329 472 3400 cernis,
488 3332 624 3386 virtutem
650 3333 758 3390 mentis
782 3334 908 3406 objecit;
924 3355 966 3395 re·
1021 3332 1173 3407 permittet
1195 3332 1226 3387 in
1252 3333 1445 3390 tentationem
1466 3334 1577 3402 induci,
1603 3334 1653 3391 sed
1678 3333 1704 3391 si
1727 3334 1846 3407 quenda

141 3419 290 3492 spondens
304 3417 466 3474 secondum
482 3418 685 3476 auctoritatem
703 3421 870 3495 Scriptura,
888 3428 965 3499 qaod
1022 3421 1095 3479 torte
1106 3422 1229 3479 tentatio
1245 3439 1299 3478 nos
1313 3423 1512 3494 apprehendat
1528 3423 1670 3491 humane,
1697 3439 1754 3480 non
1781 3439 1846 3497 per-

141 3523 197 3564 aaa
212 3507 242 3564 ia
257 3509 316 3564 sato
329 3523 402 3580 pone
413 3507 484 3563 uiuit
499 3507 591 3573 bomo,
607 3509 654 3564 sed
669 3511 698 3566 in
713 3512 790 3568 omni
804 3515 968 3588 aerbo,ouod
1023 3511 1121 3567 mittat
1135 3526 1230 3582 usque
1244 3510 1278 3565 ad
1295 3527 1471 3567 consensum
1486 3512 1593 3569 tentari
1606 3512 1630 3585 (1
1649 3513 1710 3569 Cor.
1727 3512 1757 3585 ι)
1774 3528 1780 3569 ;
1797 3511 1849 3584 qui

141 3598 263 3670 procedit
277 3597 310 3652 de
324 3612 372 3652 ore
386 3597 443 3651 aa.
459 3596 493 3650 Εἰ
506 3601 609 3652 contra
632 3599 823 3671 cupiditatem
848 3609 877 3660 et
901 3621 967 3662 ave·
1023 3615 1090 3655 oum
1103 3603 1190 3656 Patre
1204 3603 1233 3655 et
1247 3599 1358 3671 Spiritu
1374 3605 1475 3657 sancto
1491 3600 1561 3657 vivit
1582 3605 1611 3656 et
1634 3606 1737 3672 regnat
1760 3601 1852 3669 Daue,

143 3684 253 3755 citiam,
269 3701 333 3756 que
350 3684 512 3740 secundum
529 3687 714 3758 Apostolum,
740 3710 752 3741 a
771 3692 899 3749 servitus
923 3700 969 3751 est
1024 3705 1075 3763 per
1091 3689 1189 3747 omnia
1204 3688 1311 3746 secula
1327 3687 1513 3747 seculorum.
1529 3692 1632 3746 Amen.

144 3771 290 3829 idolorum
307 3773 471 3846 &passati
485 3772 615 3830 divinem
631 3779 771 3848 opposuit
785 3781 969 3853 servitutem,

813 4145 1004 4238 suello
1038 4148 1156 4237 XIV.

676 4323 713 4380 ΙΝ
733 4323 893 4381 ssesssro
912 4323 1082 4390 QUATUOR
1101 4322 1317 4380 TEMPORUM.

151 4474 257 4531 Christi
270 4477 493 4549 traaafiouratia,
507 4487 534 4534 et
548 4477 680 4548 discipali
695 4485 748 4533 tres
761 4475 827 4548 qaid
842 4477 982 4548 desipuerit
996 4494 1003 4543 ;
1019 4477 1052 4531 de
1067 4475 1236 4532 vestimentis
1249 4474 1363 4543 Christi,
1382 4473 1415 4529 dc
1428 4470 1581 4544 multipiici
1599 4467 1855 4542 transbpurationis

592 4557 824 4630 comprobatione,
838 4557 871 4614 de
880 4573 945 4614 casu
959 4559 1091 4614 bonorum
1106 4557 1281 4613 etmalorum
1294 4553 1410 4610 diuerso.

182 4874 332 4947 desumpsit
346 4875 423 4930 iesus
437 4872 553 4928 Petram
576 4882 603 4929 et
631 4872 762 4929 iacobum
789 4877 815 4928 at
841 4873 972 4929 ioannem
990 4873 1011 4936 Ι)
1028 4887 1127 4942 regno.
1143 4871 1197 4927 Sed
1212 4887 1278 4928 ecce
1293 4870 1470 4942 promissum
1489 4866 1631 4940 implevit,
1649 4863 1720 4936 quia
1734 4867 1795 4934 post
1808 4878 1858 4918 sea

145 4965 262 5035 fratrem
288 4964 357 5036 ejus,
385 4968 412 5018 et
439 4960 514 5017 ducit
540 4961 603 5016 illos
633 4962 664 5016 ia
692 4967 811 5017 meatem
833 4961 972 5016 excelsum
1026 4961 1337 5026 dissessumpsttdssus
1353 4963 1481 5025 Petrum,
1504 4959 1531 5013 et
1552 4953 1698 5021 iacobum,
1722 4957 1748 5008 et
1773 4953 1857 5009 Joaa·

144 5067 278 5116 seorsum,
295 5057 320 5105 ct
334 5050 552 5120 transfiguratus
564 5058 604 5103 est
616 5053 681 5104 ante
695 5065 741 5104 eos
756 5048 867 5120 (battis
887 5048 969 5116 xvir).
1029 5066 1091 5106 rem
1105 5049 1224 5122 fratrem
1237 5050 1308 5120 ejus,
1324 5053 1352 5104 et
1366 5049 1444 5103 ducit
1458 5047 1523 5103 illos
1537 5047 1567 5100 ia
1581 5048 1702 5099 montem
1715 5043 1857 5098 suebum

182 5140 257 5204 Quia
272 5138 368 5194 tidelis
383 5142 429 5194 est
444 5136 586 5193 Dominus
602 5137 631 5191 in
649 5137 803 5208 promisso,
819 5135 971 5209 ideoquod
1026 5153 1161 5203 seorsum.
1178 5144 1204 5194 et
1221 5138 1434 5208 troasbouratas
1458 5141 1499 5191 est
1523 5137 1586 5190 arria
1614 5148 1668 5188 eos.
1692 5130 1748 5186 Sex
1775 5129 1854 5185 enim

147 5228 294 5300 promisit,
321 5226 501 5297 adimplevit.
526 5225 703 5282 Promiserat
729 5225 807 5283 enim
832 5226 972 5297 apostolis
1027 5232 1098 5283 sunt
1122 5226 1197 5295 dies,
1218 5227 1249 5282 in
1278 5226 1386 5297 quibus
1415 5228 1530 5297 oportet
1554 5221 1703 5278 homiuem
1719 5217 1857 5290 operari:

148 5313 250 5370 dicens
266 5333 273 5371 :
290 5338 304 5366 a
320 5321 393 5371 Sunt
408 5317 529 5388 quidam
545 5314 582 5371 do
596 5313 645 5370 hio
659 5315 819 5381 stantibus,
838 5314 889 5385 qui
914 5333 972 5372 non
1027 5315 1152 5388 septimo
1168 5319 1266 5370 autem
1281 5313 1328 5368 die
1344 5312 1486 5382 requievit
1500 5310 1579 5368 Deua
1600 5309 1637 5365 ab
1661 5307 1742 5363 omni
1757 5322 1857 5377 operer

149 5403 312 5473 gustabunt
328 5410 463 5473 mortem,
476 5405 568 5462 doaso
582 5402 701 5460 videant
723 5403 828 5459 titium
844 5403 974 5460 hominia
1028 5405 1105 5477 quod
1121 5407 1250 5475 patrarat
1266 5406 1346 5471 (Gerr.
1363 5401 1407 5473 rr).
1424 5401 1512 5457 Recte
1537 5400 1629 5471 igitur
1651 5396 1714 5452 baa
1734 5393 1858 5451 transil-

148 5491 314 5546 vanientem
329 5491 359 5547 in
376 5508 466 5565 regno
490 5509 545 5550 auo
568 5492 677 5566 (narrt.
703 5494 792 5562 xxvi),
807 5513 822 5542 »
838 5492 868 5548 id
883 5499 929 5550 est
944 5494 974 5548 in
1028 5493 1144 5568 guratio
1158 5495 1225 5564 post
1239 5491 1302 5546 dies
1324 5506 1376 5546 sex
1399 5490 1475 5545 tecta
1499 5489 1592 5546 luisse
1613 5486 1763 5550 narratur,
1788 5482 1860 5555 quia

150 5593 185 5638 aa
194 5578 338 5651 claritate,
365 5580 395 5637 in
416 5598 477 5653 qua
501 5591 619 5655 peracto
640 5582 752 5655 judicio
777 5582 930 5655 apparebit
944 5582 975 5640 in
1029 5579 1204 5655 glorificatio
1218 5578 1319 5637 lutura
1334 5578 1518 5654 promittitur
1530 5576 1561 5634 in
1577 5573 1678 5648 requie
1692 5575 1760 5646 poet
1774 5567 1858 5627 laho-
