3796 5986
62 246 116 305 tot
592 251 714 308 sanam
731 250 797 322 xx,
818 250 944 308 nourr.
964 250 977 306 1
995 251 1086 308 τοετ
1105 254 1257 310 resona

1721 256 1777 317 ⁴02

61 376 89 430 et
101 372 190 429 nabes
213 373 334 446 svsoept't
347 387 413 431 eom
425 373 460 430 et
473 373 562 432 oculis
576 390 683 433 eorem.
699 377 732 431 st
755 391 814 433 ecce
835 375 891 432 deo
905 375 931 445 Α
946 373 1027 447 ginta
1039 375 1101 432 dies
1116 375 1237 434 luerunt
1252 380 1409 451 postquam
1424 380 1584 438 resurrexit
1604 398 1622 439 a
1637 382 1775 454 mortuis,

65 464 124 520 oiri
136 462 289 519 memmae
301 463 386 531 juata
400 462 466 520 ittae
485 463 516 520 in
530 464 651 523 vestitas
673 464 753 535 attus,
769 473 795 522 et
817 464 896 522 dlec-
947 480 1041 536 usque
1054 464 1125 522 dnm
1136 465 1270 523 ascendit
1284 468 1314 524 in
1327 468 1446 539 omium,
1457 470 1499 527 ita
1513 471 1711 544 quadraginta
1720 473 1774 531 bo·

62 557 154 607 rant:
173 552 232 609 Viri
246 549 368 620 oetttaet,
384 551 450 625 quid
461 555 542 610 stetis
556 554 722 626 εερίεεεειεε
737 556 767 610 in
780 556 895 611 colem?
945 569 984 609 re
998 553 1118 611 fuerunt
1129 571 1165 612 ex
1175 571 1234 628 quo
1245 561 1380 616 mortuus
1391 563 1436 616 est
1445 560 1475 616 in
1488 575 1584 631 eruce,
1597 577 1691 634 usqae
1701 564 1773 620 dnm

61 641 206 703 diescens
225 641 275 714 goi
295 648 452 714 assemptvr
471 650 513 699 est
533 659 552 699 a
574 642 652 701 votis
675 642 707 699 in
728 645 835 717 cetam,
853 646 896 702 sic
946 643 1141 702 resuscitatus
1156 650 1200 702 εει
1214 647 1250 702 de
1264 647 1411 720 sepulcro.
1423 653 1494 706 Nam
1510 657 1591 708 sexta
1609 651 1683 709 ieris
1700 651 1773 711 bora

66 733 159 789 veum
171 728 400 804 quenadmodum
415 730 527 788 oitlirtr's
537 748 602 789 eom
616 736 726 789 sontem
739 735 770 789 in
784 733 893 790 cotom.
946 747 1036 805 nona,
1061 730 1202 792 inclinato
1227 735 1333 809 capite,
1349 738 1472 795 tradidit
1496 739 1647 813 spiritum,
1660 744 1690 798 ει
1713 758 1772 799 uno
1879 796 1885 803 .

64 820 141 879 (ium
156 819 274 893 igitur«
290 819 321 876 in
336 835 386 877 ore
407 820 534 878 duorum
548 820 592 878 vel
613 823 704 879 trium
728 826 787 879 stet
807 839 895 880 omne
944 820 1066 878 Sabbati
1083 822 1157 881 bora
1166 824 1263 897 prima
1274 827 1608 897 resurrexitamortuis,
1619 833 1648 887 et
1658 829 1771 889 revixit.
1843 813 1848 820 ’

66 915 194 972 verbnm
208 912 313 985 (liettlt.
329 929 418 985 xvttt;
434 915 463 970 Il
485 915 546 971 Cor.
562 916 636 988 rur),
654 936 665 969 ε
684 915 893 973 manisfestum
945 912 1075 975 Quatuor
1090 928 1160 986 ergo
1175 912 1253 971 hores
1266 916 1417 973 restabant
1430 917 1459 973 in
1474 922 1555 974 sexta
1567 919 1650 991 ferio,
1662 919 1774 979 seilicet

61 1009 105 1061 est
116 1003 240 1076 quidem
251 1003 281 1059 in
294 1002 350 1060 bae
364 1017 394 1060 re
411 1003 581 1076 angelorum
590 1004 761 1063 testimonio
771 1006 893 1063 creden·

66 1094 151 1149 dum.

93 1194 208 1248 vorum
221 1191 333 1264 nequis
346 1193 444 1262 posset
454 1207 544 1266 super
562 1191 618 1250 hoc
635 1192 823 1266 aliquatenus
834 1194 892 1252 du·

61 1280 167 1349 bitere,
188 1280 275 1354 signa
289 1280 441 1353 plagarum
458 1280 488 1337 in
502 1298 556 1337 suo
580 1298 702 1355 corpore
722 1285 890 1357 reservavit,

60 1371 133 1427 dum
144 1368 355 1441 sitdisoipulia
366 1387 373 1426 :
386 1391 401 1421 ε
413 1368 515 1427 Videte
526 1386 635 1428 manus
646 1388 738 1441 meos,
750 1374 890 1445 stellae.

58 1459 173 1533 mvl»
189 1462 309 1532 propter
320 1463 458 1516 naturam
474 1460 585 1533 quippe
595 1459 749 1533 glorificati
760 1463 892 1535 corporis

59 1546 220 1605 resonavit
235 1545 379 1603 Dominus
394 1547 424 1602 in
440 1562 561 1621 corpore
576 1563 630 1603 eno
646 1546 800 1605 vulnerum
815 1548 891 1606 cica-

58 1638 160 1707 trices,
174 1652 233 1694 noo
249 1633 346 1692 solum
362 1639 394 1692 ut
408 1634 483 1692 lidos
499 1637 698 1708 apostolorum
714 1654 766 1710 per
780 1654 829 1694 eas
843 1639 891 1694 ilr-

58 1727 141 1783 mius
155 1724 344 1795 solidaretur,
355 1741 456 1782 verum
469 1724 556 1782 etiam
573 1729 606 1781 ut
620 1725 688 1782 illas
703 1730 891 1798 presentaret

58 1815 275 1873 intercedendo
285 1820 342 1872 Deo
358 1814 437 1871 Patri
452 1831 505 1888 pro
524 1815 620 1883 nobis,
632 1816 791 1873 ostendens
805 1817 891 1888 quale

56 1923 110 1979 pro
127 1905 215 1962 nobis
230 1904 351 1977 pertulit
366 1920 461 1977 genus
477 1904 591 1973 mortis,
609 1909 641 1961 ut
662 1904 704 1961 sio
729 1922 781 1978 pro
805 1907 891 1963 nobie

56 1994 213 2052 efficacius
228 1992 400 2050 intercedat.

93 2094 222 2150 Novaro
242 2093 425 2164 phantastica
450 2097 549 2163 posset
572 2092 636 2163 ejus
651 2093 827 2150 resurrectio
844 2109 891 2151 re-

56 2183 168 2257 putari,
176 2181 260 2255 qnasi
271 2181 348 2238 iacta
359 2197 410 2252 ρετ
419 2185 512 2238 artem
525 2181 714 2254 magicam,at
723 2200 779 2239 non
792 2185 890 2256 potius

56 2290 111 2346 par
120 2272 262 2328 virtutem
275 2269 515 2340 divinam,voluit
526 2271 615 2327 etiam
627 2278 889 2345 propternaturem

58 2359 297 2432 incorruptibilia
312 2359 444 2432 corporis
460 2366 525 2431 post
544 2362 788 2419 resurrectionem
804 2379 889 2418 suam

58 2468 131 2509 com
148 2448 292 2523 apostolis
300 2449 488 2505 manducare.
501 2448 611 2517 Primo,
623 2466 690 2506 cum
701 2451 793 2507 dixit:
808 2473 821 2499 a
832 2451 891 2507 Ha-

56 2540 137 2597 betis
153 2538 203 2596 bic
218 2538 329 2611 aliquid
345 2539 422 2611 quod
439 2539 656 2596 manducetur?
671 2544 707 2595 et
720 2539 763 2596 illi
778 2541 891 2598 obtule·

57 2635 131 2687 runt
145 2629 173 2687 si
190 2632 305 2702 partem
321 2627 394 2701 picis
418 2628 478 2684 assi
503 2633 533 2685 et
557 2628 654 2685 levum
674 2627 889 2702 maltreating

58 2719 205 2787 meando,
220 2718 338 2791 quando
353 2721 466 2791 septem
479 2717 619 2789 discipuli
635 2719 671 2775 de
686 2719 752 2775 navi
769 2721 890 2778 descan-

59 2810 178 2880 derant,
194 2807 332 2864 viderunt
346 2823 456 2880 prunas
471 2811 500 2863 et
514 2807 625 2881 piscem
648 2809 837 2882 suppositum
861 2815 890 2867 et

61 2914 184 2972 penam,
195 2901 264 2965 etc.;
275 2896 360 2953 tertio
374 2897 493 2968 qnando
506 2912 685 2955 convescens
701 2899 889 2972 precepiteis

61 2985 288 3060 aJerosolymis
303 3002 340 3043 ne
354 2984 550 3056 discederent,
567 2990 622 3043 ειε.

945 1017 1036 1071 nona,
1050 1002 1174 1071 decima,
1197 1004 1365 1077 undecima,
1385 1006 1569 1077 duodecima,
1585 1008 1647 1066 dies
1671 1016 1771 1069 autem

945 1088 1067 1145 Sabbati
1089 1096 1118 1147 et
1136 1092 1199 1149 due
1225 1096 1337 1161 noctes,
1354 1111 1413 1152 una
1437 1096 1602 1167 procedens
1626 1102 1656 1154 et
1680 1098 1772 1157 altera

946 1179 1143 1251 subsequens,
1160 1179 1330 1240 babuerunt
1344 1183 1467 1256 triginta
1490 1201 1541 1242 ser
1562 1184 1661 1259 horas,
1677 1192 1706 1245 at
1730 1189 1771 1246 ita

944 1268 1034 1324 simul
1049 1267 1129 1326 boras
1142 1286 1246 1329 omnes
1260 1272 1457 1346 quadraginta
1474 1274 1601 1331 luerunt.
1617 1280 1699 1335 Petet
1711 1277 1770 1352 igi·

943 1361 993 1414 tur
1005 1374 1041 1415 ea
1055 1359 1228 1431 premissis,
1245 1361 1324 1433 quod
1339 1361 1475 1420 cbristus
1494 1364 1590 1421 tribus
1613 1365 1718 1423 diebus
1741 1370 1771 1424 ει

944 1447 1156 1516 noctibus,etsi
1174 1466 1232 1506 non
1247 1466 1300 1523 per
1315 1453 1374 1507 tras
1384 1451 1457 1521 dies,
1467 1451 1563 1523 jacuit
1577 1453 1608 1508 in
1623 1453 1768 1526 sepulcro,

943 1535 1055 1593 scilicet
1070 1540 1152 1594 sexte
1167 1537 1239 1595 laria
1255 1537 1359 1596 saltem
1375 1555 1428 1612 per
1453 1557 1540 1597 unam
1562 1541 1677 1614 boram,
1693 1542 1769 1601 Sab-

943 1623 1011 1681 bato
1027 1626 1206 1698 perdecem,
1223 1631 1252 1684 at
1266 1628 1420 1685 Dominica
1440 1634 1552 1703 partem
1569 1631 1669 1690 unius.
1685 1632 1768 1690 Unde

945 1715 1105 1786 prudenter
1116 1719 1145 1772 et
1160 1720 1244 1772 caute
1254 1716 1366 1774 Veritas
1377 1718 1419 1775 ait
1430 1719 1460 1775 in
1472 1720 1645 1793 Evangelio:
1662 1722 1769 1781 ssione

943 1802 1767 1884 Jonasinventrecetitribusdiebusettribusnoctibus,
1878 1848 1881 1853 -

943 1891 985 1949 ite
1007 1894 1099 1951 etiam
1124 1894 1217 1951 Filius
1243 1895 1374 1952 bominis
1389 1896 1419 1953 io
1444 1898 1530 1955 corde
1554 1902 1640 1955 tarrae
1660 1901 1769 1972 (datto.

943 1984 995 2054 xri)
1007 2001 1015 2055 ;
1026 2006 1041 2033 »
1058 1998 1116 2040 non
1132 1984 1214 2052 dioit,
1231 2001 1282 2056 per
1296 1990 1357 2043 tres
1372 1985 1445 2058 dies,
1460 1991 1489 2043 et
1504 2004 1555 2060 per
1573 1992 1633 2045 tres
1648 1993 1768 2063 noctm3

943 2073 1006 2141 sed,
1036 2071 1125 2129 triber
1152 2072 1258 2143 diebos,
1286 2079 1314 2130 et
1335 2074 1435 2154 'trites
1461 2076 1597 2134 noctibas.
1624 2077 1774 2142 Quoniam·

943 2160 1023 2217 aliud
1038 2166 1163 2219 estesse
1178 2163 1207 2219 in
1224 2162 1270 2219 die
1284 2168 1314 2220 et
1329 2163 1409 2220 alind
1424 2180 1490 2221 esse
1507 2182 1558 2238 per
1572 2166 1661 2223 diam.
1672 2166 1705 2226 lu
1720 2167 1768 2224 die

943 2268 1072 2323 namque
1084 2256 1140 2320 eet,
1156 2253 1233 2325 quod
1253 2253 1352 2310 existit
1367 2254 1396 2308 in
1412 2253 1512 2326 aliqua
1527 2259 1608 2328 parte
1623 2255 1699 2324 diei;
1715 2257 1767 2314 sed

943 2357 995 2413 per
1009 2342 1086 2397 diem
1104 2346 1159 2412 est,
1174 2343 1251 2415 quod
1269 2343 1428 2414 pervarias
1444 2350 1543 2415 partes
1559 2344 1616 2401 diei
1629 2345 1739 2404 existit.

979 2466 1034 2523 Sed
1049 2469 1197 2540 quomodo
1213 2484 1313 2524 varum
1328 2472 1385 2535 εει,
1401 2470 1479 2541 quod
1496 2470 1591 2527 tribus
1609 2471 1715 2529 diebus
1737 2477 1766 2530 el

942 2555 1037 2612 tribus
1054 2557 1191 2613 noctibus
1201 2557 1297 2629 jacuit
1311 2558 1340 2613 in
1356 2557 1502 2631 sepulcro,
1519 2574 1586 2615 curn
1602 2577 1659 2618 non
1675 2562 1766 2620 inter·
1880 2548 1885 2555 ’

941 2643 1072 2702 sintnisi
1095 2646 1158 2702 dua
1184 2648 1311 2703 noctes?
1326 2651 1414 2704 Porro
1441 2647 1594 2704 sciendum
1618 2654 1663 2706 est
1687 2653 1765 2724 quod

941 2735 1019 2791 sicut
1042 2735 1104 2792 dias
1129 2735 1237 2791 dicitur
1260 2735 1379 2793 claritas
1403 2736 1490 2808 aeris,
1508 2753 1576 2793 cum
1600 2739 1644 2795 sol
1666 2740 1767 2798 rutilat

941 2839 1031 2896 super
1047 2829 1167 2895 terram,
1178 2823 1221 2880 ita
1238 2841 1294 2880 nox
1309 2825 1366 2879 dici
1384 2830 1481 2897 potest
1497 2825 1662 2885 obscuritas
1677 2830 1766 2900 aeris,

941 2928 1009 2970 sum
1035 2911 1079 2969 sol
1110 2917 1328 2985 superterram
1359 2931 1417 2971 non
1446 2913 1533 2973 lucet.
1556 2916 1666 2974 Verum
1695 2918 1769 2978 bora

941 3010 1033 3068 sexta,
1053 3003 1083 3059 in
1109 3018 1167 3074 qun
1191 3003 1349 3059 crucifixos
1373 3008 1419 3060 est
1441 3006 1594 3077 Dominus,
1618 3023 1712 3080 usque
1736 3007 1767 3066 lu

94 3094 257 3152 Sciendum
271 3097 316 3150 ast
331 3097 429 3151 autem
445 3094 524 3166 qnod
541 3094 632 3162 cibos,
648 3111 723 3167 quos
744 3095 925 3190 Dominusc
944 3091 1046 3148 boram
1063 3108 1182 3159 nonam,
1200 3091 1229 3148 in
1247 3109 1305 3165 qua
1330 3094 1468 3167 spiritum
1484 3095 1595 3168 amisit,
1611 3119 1625 3147 α
1642 3098 1767 3155 tenebre

58 3188 130 3243 ante
146 3187 272 3241 mortem
289 3183 426 3254 comedit,
442 3182 583 3254 digessit:
594 3200 669 3256 quos
682 3201 749 3241 vero
764 3189 831 3257 post
847 3202 889 3241 re·
944 3182 1027 3238 iactae
1042 3186 1114 3238 sunt
1129 3198 1218 3255 snper
1232 3183 1396 3239 universam
1414 3189 1534 3255 terram,
1549 3191 1577 3243 et
1592 3187 1768 3245 obscuratos

58 3273 275 3331 sarmationem
286 3271 684 3345 accepit,abenrnpsit.Sieut
695 3273 780 3330 aliter
791 3275 891 3331 absor-
941 3275 987 3326 εει
1002 3269 1046 3326 sol
1062 3270 1246 3343 (Luc.xx1n).
1263 3293 1279 3322 »
1294 3274 1378 3329 Patet
1393 3273 1482 3344 igitur
1496 3276 1575 3348 quod
1595 3277 1666 3332 born
1689 3292 1767 3334 nona

59 3364 110 3421 bst
126 3378 236 3436 aquarn
253 3367 329 3418 terra
346 3361 463 3429 sitiens,
478 3364 507 3417 ει
530 3360 616 3418 aliter
636 3362 724 3435 ignis.
741 3363 814 3419 Nem
839 3363 890 3419 illa
942 3363 1059 3432 propter
1081 3359 1291 3417 obscuritatem
1322 3361 1404 3430 solis,
1430 3363 1606 3421 obscuratus
1629 3369 1675 3421 est
1705 3380 1765 3420 aar.

61 3452 193 3524 imbibit,
208 3450 266 3508 iste
282 3451 440 3509 consumit.
456 3450 567 3524 Corpus
582 3468 711 3524 nemque
726 3453 802 3525 quod
822 3469 891 3526 pro-
942 3448 1068 3519 ldeoque
1083 3448 1156 3504 hora
1171 3466 1258 3519 nona,
1275 3450 1305 3506 in
1321 3466 1381 3522 qun
1407 3455 1540 3509 mortuus
1562 3457 1607 3509 est
1621 3452 1765 3523 Christos,

60 3548 126 3616 pter
140 3541 188 3599 aui
204 3540 486 3613 subtilitatemque
501 3544 547 3597 est
561 3557 621 3597 uua
634 3541 670 3597 de
685 3546 812 3614 quatuor
825 3559 890 3614 pro·
941 3537 1118 3610 intelligitur
1133 3554 1189 3593 nox
1202 3538 1293 3594 tuisse
1305 3556 1311 3607 ;
1325 3543 1357 3594 ut
1371 3539 1448 3596 siout
1462 3540 1498 3597 de
1508 3540 1613 3598 ultimo
1623 3543 1671 3598 die
1683 3557 1764 3600 mors

60 3628 242 3705 prietatibus
253 3629 408 3704 glorificati
419 3629 670 3703 corporis‚jenuis
681 3629 791 3687 eleusis
802 3635 890 3689 intra·
942 3625 1051 3683 Cbrlsti
1066 3643 1154 3682 unum
1170 3626 1272 3683 horam
1288 3630 1404 3684 tantum
1418 3628 1540 3701 accepit,
1557 3629 1597 3687 ita
1611 3631 1648 3688 de
1669 3631 1766 3705 prima

58 3720 110 3791 vit,
122 3724 154 3778 et
165 3722 431 3793 proptarnaturam
444 3719 553 3789 carnis,
565 3736 629 3792 quae
640 3721 890 3794 resurgendonon
943 3720 1026 3773 nocte
1042 3732 1130 3772 unam
1147 3720 1263 3773 tantum
1282 3716 1381 3773 boram
1404 3718 1557 3791 acciperet.
1574 3719 1681 3777 Verum
1697 3736 1764 3778 eum

58 3807 191 3881 evanuit,
202 3808 253 3865 sed
265 3808 407 3877 refloruit,
415 3808 563 3882 palpabile
573 3825 604 3865 se
614 3809 799 3866 ostenditzin
811 3814 891 3867 utro·
942 3806 1114 3878 hujusmodi
1131 3823 1197 3875 nox,
1213 3805 1242 3862 id
1263 3809 1306 3863 est
1321 3807 1486 3864 obscuritas
1505 3808 1593 3878 aeris,
1608 3827 1767 3883 processe·
1876 3798 1882 3809 ⁸

58 3898 130 3957 libet
141 3895 321 3955 miraculum
332 3897 358 3955 si
373 3898 474 3967 luerit,
493 3899 744 3971 adprobationem
757 3898 891 3956 miraculi
943 3895 981 3952 rit
997 3896 1190 3968 sepulturam,
1207 3912 1296 3969 quarn
1311 3913 1380 3953 oum
1392 3898 1456 3969 jam
1472 3914 1537 3956 sero
1553 3898 1662 3956 iactum
1677 3904 1767 3972 assat,

63 3988 177 4045 sulflcit
191 3986 327 4044 alterum.
344 3987 419 4053 Quid
434 4003 503 4060 ergo
519 3988 661 4060 scriptum
673 3993 717 4044 εει
728 4004 735 4044 :
747 4011 761 4039 a
776 3990 808 4044 Et
821 4004 892 4061 quo·
944 3986 973 4040 in
989 4001 1147 4058 parasceve
1161 3990 1230 4042 anta
1245 3985 1407 4042 Sabbatum
1431 3986 1558 4060 legimus
1580 3988 1768 4057 celebratam,

62 4078 145 4135 niam
159 4076 192 4133 in
207 4076 349 4134 tructione
362 4075 448 4149 panis
463 4077 499 4132 ab
515 4075 608 4132 oculis
623 4076 750 4133 duorum
765 4077 892 4150 discipu·
944 4075 1108 4131 secundum
1125 4074 1214 4130 istam
1239 4076 1428 4132 sententiam.
1445 4076 1499 4132 Per
1521 4092 1572 4132 cor
1586 4078 1668 4133 terra
1683 4078 1770 4135 debat

64 4166 205 4241 polorum
220 4166 320 4223 subito
334 4182 366 4222 se
376 4164 531 4222 subtraxit.
543 4169 577 4220 ut
588 4164 727 4237 postdies
741 4175 803 4222 octo
813 4164 893 4223 venit
944 4162 1081 4236 intelligi,
1095 4163 1171 4236 qnod
1189 4163 1303 4221 Veritas
1317 4165 1357 4220 ait
1369 4182 1375 4221 :
1386 4165 1468 4221 Sicut
1482 4164 1573 4222 Jonas
1588 4164 1645 4221 fuit
1658 4165 1688 4223 in
1700 4183 1769 4224 ven·

60 4255 264 4329 lesus,jsnois
275 4253 688 4326 clausis,etdixit:1³axvobis
700 4255 890 4328 (buc.rrrv);»
943 4256 987 4308 tre
1000 4251 1056 4308 ceti
1067 4251 1163 4308 tribus
1178 4252 1294 4319 diebus,
1309 4258 1338 4309 et
1352 4253 1450 4309 tribue
1465 4253 1612 4324 noctibus,
1625 4254 1666 4312 ita
1679 4254 1768 4313 etiam

63 4345 162 4417 tertio,
177 4360 246 4401 cum
261 4343 335 4401 dixit
349 4343 523 4415 discipulis:
540 4366 552 4394 ι
569 4343 675 4400 blittite
691 4344 720 4399 in
742 4345 892 4401 dexteram
943 4345 973 4396 ει
995 4339 1085 4396 Filius
1110 4340 1241 4398 hominis
1267 4341 1296 4396 in
1321 4342 1408 4398 corde
1433 4344 1516 4398 terro
1540 4342 1644 4416 (llottla
1669 4345 1732 4418 xu).
1754 4367 1769 4397 e

62 4434 146 4493 ravis
161 4436 234 4502 rete,
250 4438 305 4491 ste.
322 4434 412 4507 (loon.
429 4432 508 4504 xxr);
524 4452 538 4482 n
555 4435 660 4504 quarto
674 4449 741 4489 eum
763 4432 891 4490 videnti·
944 4429 1033 4485 Porro
1048 4431 1211 4487 secundum
1236 4430 1325 4488 istam
1341 4431 1517 4489 sententiam
1540 4448 1593 4505 per
1613 4450 1665 4491 cor
1686 4437 1770 4492 terro

62 4526 119 4581 bus
133 4522 289 4597 apostolis,
306 4522 437 4580 elevatus
448 4524 504 4589 est,
516 4524 545 4578 et
560 4521 655 4577 nubes
665 4522 794 4594 suscepit
808 4539 892 4593 eum,
907 4496 932 4561 ὓ
948 4517 1034 4574 debet
1049 4518 1174 4592 intelligi
1190 4537 1248 4577 non
1268 4524 1329 4576 tam
1354 4520 1474 4578 locellus
1499 4523 1607 4595 petrosi
1630 4524 1771 4599 sepulcri,

61 4611 256 4669 atterebatur
279 4610 309 4667 in
333 4608 441 4666 etslum
465 4609 542 4679 (boc.
570 4608 658 4679 xxiv),
676 4607 725 4663 ubi
750 4609 833 4665 sedet
857 4609 892 4667 ad
948 4608 1770 4682 quamumbilicushujusbabitabiliszone.«Hioenim
1874 4664 1877 4669 .

62 4701 214 4759 dextoram
229 4699 290 4757 bei.
303 4698 475 4771 congruunt
492 4700 590 4754 ειτιεεε
606 4713 677 4753 sane
692 4696 894 4755 miraculave·
948 4713 1000 4770 per
1013 4696 1248 4772 corintelligitur
1259 4699 1388 4756 medium
1398 4701 1563 4758 secundum
1575 4702 1652 4774 quod
1664 4703 1773 4761 dicitnr

62 4789 162 4855 rituti:
177 4789 301 4847 decebat
313 4788 393 4845 enim
409 4791 443 4843 nt
457 4786 487 4841 in
504 4785 570 4858 ejus
585 4786 798 4844 resurrectione
812 4788 895 4845 tieret
948 4787 977 4842 in
994 4784 1129 4842 Psalmo:
1143 4809 1158 4838 «
1174 4786 1316 4846 Dominus
1332 4794 1429 4846 autem
1447 4804 1496 4846 rex
1511 4795 1611 4849 noster
1634 4795 1702 4849 ante
1715 4808 1772 4849 ste·

63 4874 895 4950 terraemotusiucujusmortetegiturterraemotus,reaur·
947 4874 1167 4948 enlaoperotus
1182 4881 1227 4933 est
1249 4877 1376 4935 sulutem
1400 4877 1430 4934 in
1454 4879 1551 4936 medio
1575 4884 1659 4937 terra
1680 4879 1770 4951 (Ρεει.

63 4984 137 5041 gans
148 4967 313 5026 intraratad
325 4962 896 5038 discipulosclausovirginisalvo(deest
947 4966 1053 5033 xxxvii)
1067 4982 1073 5033 ;
1087 4987 1101 5015 »
1112 4965 1253 5037 quoniam
1267 4966 1297 5021 in
1313 4983 1346 5024 eo
1362 4967 1425 5024 loeo
1440 4968 1597 5025 crucifixus
1611 4971 1657 5025 est
1672 4968 1771 5025 bomi-

64 5055 291 5130 stt'gtst'd),utilli
302 5056 351 5128 qui
363 5051 684 5126 miraculoseoapsrent
694 5054 896 5128 piseas,mira·
949 5070 1015 5125 nus,
1033 5060 1178 5124 mortuus,
1195 5055 1329 5128 sepultus
1345 5062 1374 5113 et
1397 5059 1569 5115 suscitatus.
1583 5058 1656 5114 Nam
1676 5074 1772 5130 usqua

63 5143 445 5204 culoaiasessautbomines
452 5142 713 5216 pisceturi;etipae
721 5142 896 5200 mirabiliter
948 5144 984 5199 ad
1001 5144 1247 5202 resurrectionem
1262 5145 1371 5203 Christi
1385 5145 1448 5202 dies
1470 5146 1621 5220 prooessit
1644 5151 1771 5219 noctem,

64 5236 94 5294 in
108 5235 219 5293 colum
230 5235 415 5302 ascenderet,
425 5232 498 5289 iuret
508 5230 675 5288 mirabilius
685 5231 893 5291 descensurus.
943 5231 1030 5304 juxta
1045 5234 1123 5304 qnod
1140 5232 1266 5307 legitur:
1284 5256 1297 5288 a
1313 5236 1433 5292 Factum
1450 5240 1494 5291 est
1509 5251 1627 5307 vespere
1641 5239 1671 5293 at
1685 5252 1773 5295 mene

66 5318 895 5393 umenntmnreetiontsDominteenrgumenta,deqet·
948 5321 1011 5377 dies
1035 5338 1113 5378 unns
1137 5323 1213 5396 (Gen.
1236 5325 1297 5397 t),s
1322 5326 1398 5396 quod
1424 5324 1498 5380 bene
1520 5325 1658 5396 competit
1672 5343 1771 5385 sacra·

63 5414 289 5473 businllotibus
299 5409 499 5486 apostolorum
508 5408 600 5466 Lucas
613 5409 794 5484 avangelista
805 5415 894 5467 testa·
948 5414 1066 5480 meuto;
1084 5414 1223 5484 qnoniam
1239 5414 1268 5469 in
1285 5412 1404 5469 homine
1418 5411 1481 5468 dies
1495 5412 1638 5471 virtutum
1653 5432 1772 5488 praeas-

64 5500 561 5575 tar,diceos:oslpraebat'tseipsom
573 5501 730 5574 oivvtnpest
738 5499 895 5573 passionem
949 5497 989 5555 sit
1004 5505 1118 5558 noctem
1130 5503 1281 5558 vitiorum.
1293 5502 1347 5559 Sed
1360 5500 1395 5557 ad
1408 5500 1653 5561 resurrectionem
1663 5505 1771 5564 Christi

65 5610 152 5654 seam
161 5595 192 5651 s'sr
202 5590 552 5666 obtemperantiam.
563 5588 752 5650 Sicutautem
765 5591 894 5663 quadra·
949 5606 1006 5648 nox
1022 5591 1110 5664 coepit
1124 5592 1287 5665 procedere
1301 5590 1391 5664 diem,
1401 5590 1471 5666 quis
1484 5591 1535 5650 lux
1548 5595 1692 5655 successit
1705 5598 1774 5670 post
